@PhdThesis{zhanshushujulianzuwang,
	author = {何肇雄},
	title = {战术数据链组网技术研究},
	school = {国防科学技术大学},
	year = {2011},
	tertiaryauthor = {周经伦},
	typeofwork = {博士},
	keywords = {战术数据链;组网;组网设计;组网规划;组网仿真},
	databaseprovider = {CNKI},
}


