@article{friston2019physics,
  title={A free energy principle for a particular physics},
  author={Friston, Karl},
  journal={arXiv preprint arXiv:1906.10184},
  year={2019},
}

@article{legg2006universal,
  title={A formal measure of machine intelligence},
  author={Legg, Shane and Hutter, Marcus},
  journal={arXiv preprint cs/0605024},
  year={2006}
}

@inproceedings{klyubin2005empowerment,
  title={Empowerment: A universal agent-centric measure of control},
  author={Klyubin, Alexander S and Polani, Daniel and Nehaniv, Chrystopher L},
  booktitle={IEEE Congress on Evolutionary Computation},
  volume={1},
  pages={128--135},
  year={2005},
  organization={IEEE}
}

@article{lindley1956expectedinfo,
  title={On a measure of the information provided by an experiment},
  author={Lindley, Dennis V and others},
  journal={The Annals of Mathematical Statistics},
  volume={27},
  number={4},
  pages={986--1005},
  year={1956},
  publisher={Institute of Mathematical Statistics}
}

@article{mackay1992infogain,
  title={Information-based objective functions for active data selection},
  author={MacKay, David JC},
  journal={Neural computation},
  volume={4},
  number={4},
  pages={590--604},
  year={1992},
  publisher={MIT Press}
}

@book{sutton2018rlbook,
  title={Reinforcement learning: An introduction},
  author={Sutton, Richard S and Barto, Andrew G},
  year={2018},
  publisher={MIT press}
}

@inproceedings{todorov2008duality,
  title={General duality between optimal control and estimation},
  author={Todorov, Emanuel},
  booktitle={2008 47th IEEE Conference on Decision and Control},
  pages={4286--4292},
  year={2008},
  organization={IEEE}
}

@article{levine2018maxent,
  title={Reinforcement learning and control as probabilistic inference: Tutorial and review},
  author={Levine, Sergey},
  journal={arXiv preprint arXiv:1805.00909},
  year={2018}
}

@book{schrodinger1944life,
  title={What is life? The physical aspect of the living cell and mind},
  author={Schr{\"o}dinger, Erwin},
  year={1944},
  publisher={Cambridge University Press Cambridge}
}

@article{friston2017activeinference,
  title={Active inference: a process theory},
  author={Friston, Karl and FitzGerald, Thomas and Rigoli, Francesco and Schwartenbeck, Philipp and Pezzulo, Giovanni},
  journal={Neural computation},
  volume={29},
  number={1},
  pages={1--49},
  year={2017},
  publisher={MIT Press}
}

@article{parr2019gfe,
  title={Generalised free energy and active inference},
  author={Parr, Thomas and Friston, Karl J},
  journal={Biological cybernetics},
  volume={113},
  number={5-6},
  pages={495--513},
  year={2019},
  publisher={Springer}
}

@article{rawlik2010controlasinference,
  title={Approximate inference and stochastic optimal control},
  author={Rawlik, Konrad and Toussaint, Marc and Vijayakumar, Sethu},
  journal={arXiv preprint arXiv:1009.3958},
  year={2010}
}

@inproceedings{rawlik2012controlasinference, 
    author={Konrad Rawlik AND Marc Toussaint AND Sethu Vijayakumar}, 
    title={On Stochastic Optimal Control and Reinforcement Learning by Approximate Inference}, 
    booktitle={Proceedings of Robotics: Science and Systems}, 
    year={2012}, 
    address={Sydney, Australia}, 
    doi={10.15607/RSS.2012.VIII.045} 
} 
  

@article{shyam2018max,
  title={Model-based active exploration},
  author={Shyam, Pranav and Ja{\'s}kowski, Wojciech and Gomez, Faustino},
  journal={arXiv preprint arXiv:1810.12162},
  year={2018}
}

@inproceedings{houthooft2016vime,
  title={{VIME}: Variational information maximizing exploration},
  author={Houthooft, Rein and Chen, Xi and Duan, Yan and Schulman, John and De Turck, Filip and Abbeel, Pieter},
  booktitle={Advances in Neural Information Processing Systems},
  pages={1109--1117},
  year={2016}
}

@article{azar2019ndigo,
  title={World Discovery Models},
  author={Azar, Mohammad Gheshlaghi and Piot, Bilal and Pires, Bernardo Avila and Grill, Jean-Bastian and Altch{\'e}, Florent and Munos, R{\'e}mi},
  journal={arXiv preprint arXiv:1902.07685},
  year={2019}
}

@inproceedings{pathak2017icm,
  title={Curiosity-driven exploration by self-supervised prediction},
  author={Pathak, Deepak and Agrawal, Pulkit and Efros, Alexei A and Darrell, Trevor},
  booktitle={Proceedings of the IEEE Conference on Computer Vision and Pattern Recognition Workshops},
  pages={16--17},
  year={2017}
}

@article{burda2018rnd,
  title={Exploration by random network distillation},
  author={Burda, Yuri and Edwards, Harrison and Storkey, Amos and Klimov, Oleg},
  journal={arXiv preprint arXiv:1810.12894},
  year={2018}
}

@inproceedings{bellemare2016cts,
  title={Unifying count-based exploration and intrinsic motivation},
  author={Bellemare, Marc and Srinivasan, Sriram and Ostrovski, Georg and Schaul, Tom and Saxton, David and Munos, Remi},
  booktitle={Advances in Neural Information Processing Systems},
  pages={1471--1479},
  year={2016}
}

@inproceedings{sun2011plansurprise,
  title={Planning to be surprised: Optimal bayesian exploration in dynamic environments},
  author={Sun, Yi and Gomez, Faustino and Schmidhuber, J{\"u}rgen},
  booktitle={International Conference on Artificial General Intelligence},
  pages={41--51},
  year={2011},
  organization={Springer}
}

@inproceedings{schmidhuber1991curiousmodel,
  title={Curious model-building control systems},
  author={Schmidhuber, J{\"u}rgen},
  booktitle={[Proceedings] 1991 IEEE International Joint Conference on Neural Networks},
  pages={1458--1463},
  year={1991},
  organization={IEEE}
}

@article{oudeyer2007curiosity,
  title={Intrinsic motivation systems for autonomous mental development},
  author={Oudeyer, Pierre-Yves and Kaplan, Frdric and Hafner, Verena V},
  journal={IEEE transactions on evolutionary computation},
  volume={11},
  number={2},
  pages={265--286},
  year={2007},
  publisher={IEEE}
}

@inproceedings{mohamed2015empowerment,
  title={Variational information maximisation for intrinsically motivated reinforcement learning},
  author={Mohamed, Shakir and Rezende, Danilo Jimenez},
  booktitle={Advances in neural information processing systems},
  pages={2125--2133},
  year={2015}
}

@article{karl2017empowerment,
  title={Unsupervised real-time control through variational empowerment},
  author={Karl, Maximilian and Soelch, Maximilian and Becker-Ehmck, Philip and Benbouzid, Djalel and van der Smagt, Patrick and Bayer, Justin},
  journal={arXiv preprint arXiv:1710.05101},
  year={2017}
}

@article{florensa2017snn,
  title={Stochastic neural networks for hierarchical reinforcement learning},
  author={Florensa, Carlos and Duan, Yan and Abbeel, Pieter},
  journal={arXiv preprint arXiv:1704.03012},
  year={2017}
}

@article{kappen2009klcontrol,
  title={Optimal control as a graphical model inference problem},
  author={Kappen, Hilbert J and G{\'o}mez, Vicen{\c{c}} and Opper, Manfred},
  journal={Machine learning},
  volume={87},
  number={2},
  pages={159--182},
  year={2009},
  publisher={Springer}
}

@inproceedings{peters2010reps,
  title={Relative entropy policy search},
  author={Peters, Jan and Mulling, Katharina and Altun, Yasemin},
  booktitle={Twenty-Fourth AAAI Conference on Artificial Intelligence},
  year={2010}
}

@article{lee2019smm,
  title={Efficient Exploration via State Marginal Matching},
  author={Lee, Lisa and Eysenbach, Benjamin and Parisotto, Emilio and Xing, Eric and Levine, Sergey and Salakhutdinov, Ruslan},
  journal={arXiv preprint arXiv:1906.05274},
  year={2019}
}

@article{friston2013life,
  title={Life as we know it},
  author={Friston, Karl},
  journal={Journal of the Royal Society Interface},
  volume={10},
  number={86},
  pages={20130475},
  year={2013},
  publisher={The Royal Society}
}

@inproceedings{attias2003planasinf,
  title={Planning by probabilistic inference},
  author={Attias, Hagai},
  booktitle={AISTATS},
  year={2003}
}

@article{kingma2013vae,
  title={Auto-encoding variational bayes},
  author={Kingma, Diederik P and Welling, Max},
  journal={arXiv preprint arXiv:1312.6114},
  year={2013}
}

@article{rezende2014vae,
  title={Stochastic backpropagation and approximate inference in deep generative models},
  author={Rezende, Danilo Jimenez and Mohamed, Shakir and Wierstra, Daan},
  journal={arXiv preprint arXiv:1401.4082},
  year={2014}
}

@inproceedings{hinton1993vi,
  title={Keeping the neural networks simple by minimizing the description length of the weights},
  author={Hinton, Geoffrey E and Van Camp, Drew},
  booktitle={Proceedings of the sixth annual conference on Computational learning theory},
  pages={5--13},
  year={1993}
}

@article{jordan1999vi,
  title={An introduction to variational methods for graphical models},
  author={Jordan, Michael I and Ghahramani, Zoubin and Jaakkola, Tommi S and Saul, Lawrence K},
  journal={Machine learning},
  volume={37},
  number={2},
  pages={183--233},
  year={1999},
  publisher={Springer}
}

@article{alemi2018therml,
  title={Ther{ML}: Thermodynamics of machine learning},
  author={Alemi, Alexander A and Fischer, Ian},
  journal={arXiv preprint arXiv:1807.04162},
  year={2018}
}

@article{csiszar2003projection,
  title={Information projections revisited},
  author={Csisz{\'a}r, Imre and Matus, Frantisek},
  journal={IEEE Transactions on Information Theory},
  volume={49},
  number={6},
  pages={1474--1490},
  year={2003},
  publisher={IEEE}
}

@article{pratt1964risk,
  title={Risk Aversion in the Small and in the Large},
  author={Pratt, John W},
  journal={Econometrica},
  volume={32},
  number={1/2},
  pages={122--136},
  year={1964}
}

@article{botvinick2012planasinf,
  title={Planning as inference},
  author={Botvinick, Matthew and Toussaint, Marc},
  journal={Trends in cognitive sciences},
  volume={16},
  number={10},
  pages={485--488},
  year={2012},
  publisher={Elsevier}
}

@inproceedings{toussaint2009aico,
  title={Robot trajectory optimization using approximate inference},
  author={Toussaint, Marc},
  booktitle={Proceedings of the 26th annual international conference on machine learning},
  pages={1049--1056},
  year={2009},
  organization={ACM}
}

@article{hausman2018skills,
  title={Learning an embedding space for transferable robot skills},
  author={Hausman, Karol and Springenberg, Jost Tobias and Wang, Ziyu and Heess, Nicolas and Riedmiller, Martin},
  journal={International Conference on Learning Representations},
  year={2018}
}

@article{bellman1952optimality,
  title={On the theory of dynamic programming},
  author={Bellman, Richard},
  journal={Proceedings of the National Academy of Sciences of the United States of America},
  volume={38},
  number={8},
  pages={716},
  year={1952},
  publisher={National Academy of Sciences}
}

@article{sutton1988td,
  title={Learning to predict by the methods of temporal differences},
  author={Sutton, Richard S},
  journal={Machine learning},
  volume={3},
  number={1},
  pages={9--44},
  year={1988},
  publisher={Springer}
}

@article{howard1972riskrl,
  title={Risk-sensitive Markov decision processes},
  author={Howard, Ronald A and Matheson, James E},
  journal={Management science},
  volume={18},
  number={7},
  pages={356--369},
  year={1972},
  publisher={INFORMS}
}

@article{hafner2018planet,
  title={Learning latent dynamics for planning from pixels},
  author={Hafner, Danijar and Lillicrap, Timothy and Fischer, Ian and Villegas, Ruben and Ha, David and Lee, Honglak and Davidson, James},
  journal={arXiv preprint arXiv:1811.04551},
  year={2018}
}

@phdthesis{duff2002bayesadaptive,
  title={Optimal Learning: Computational procedures for Bayes-adaptive Markov decision processes},
  author={Duff, Michael O'Gordon and Barto, Andrew},
  year={2002},
  school={University of Massachusetts at Amherst}
}

@article{smallwood1973beliefmdp,
  title={The optimal control of partially observable Markov processes over a finite horizon},
  author={Smallwood, Richard D and Sondik, Edward J},
  journal={Operations research},
  volume={21},
  number={5},
  pages={1071--1088},
  year={1973},
  publisher={INFORMS}
}

@inproceedings{xue2016visual,
  title={Visual dynamics: Probabilistic future frame synthesis via cross convolutional networks},
  author={Xue, Tianfan and Wu, Jiajun and Bouman, Katherine and Freeman, Bill},
  booktitle={Advances in Neural Information Processing Systems},
  year={2016}
}

@article{lotter2016deep,
  title={Deep predictive coding networks for video prediction and unsupervised learning},
  author={Lotter, William and Kreiman, Gabriel and Cox, David},
  journal={arXiv preprint arXiv:1605.08104},
  year={2016}
}

@article{villegas2017hierarchical,
  title={Learning to generate long-term future via hierarchical prediction},
  author={Villegas, Ruben and Yang, Jimei and Zou, Yuliang and Sohn, Sungryull and Lin, Xunyu and Lee, Honglak},
  journal={arXiv preprint arXiv:1704.05831},
  year={2017}
}

@article{villegas2017decomposing,
  title={Decomposing motion and content for natural video sequence prediction},
  author={Villegas, Ruben and Yang, Jimei and Hong, Seunghoon and Lin, Xunyu and Lee, Honglak},
  journal={arXiv preprint arXiv:1706.08033},
  year={2017}
}

@inproceedings{finn2016unsupervised,
  title={Unsupervised learning for physical interaction through video prediction},
  author={Finn, Chelsea and Goodfellow, Ian and Levine, Sergey},
  booktitle={Advances in neural information processing systems},
  pages={64--72},
  year={2016}
}

@inproceedings{vondrick2016generating,
  title={Generating videos with scene dynamics},
  author={Vondrick, Carl and Pirsiavash, Hamed and Torralba, Antonio},
  booktitle={Advances In Neural Information Processing Systems},
  year={2016}
}
pages={613--621},

@article{mathieu2015deep,
  title={Deep multi-scale video prediction beyond mean square error},
  author={Mathieu, Michael and Couprie, Camille and LeCun, Yann},
  journal={arXiv preprint arXiv:1511.05440},
  year={2015}
}

@article{kalchbrenner2016vpn,
  title={Video pixel networks},
  author={Kalchbrenner, Nal and Oord, Aaron van den and Simonyan, Karen and Danihelka, Ivo and Vinyals, Oriol and Graves, Alex and Kavukcuoglu, Koray},
  journal={arXiv preprint arXiv:1610.00527},
  year={2016}
}

@article{babaeizadeh2017sv2p,
  title={Stochastic Variational Video Prediction},
  author={Babaeizadeh, Mohammad and Finn, Chelsea and Erhan, Dumitru and Campbell, Roy H and Levine, Sergey},
  journal={arXiv preprint arXiv:1710.11252},
  year={2017}
}

@article{denton2018stochastic,
  title={Stochastic Video Generation with a Learned Prior},
  author={Denton, Emily and Fergus, Rob},
  journal={arXiv preprint arXiv:1802.07687},
  year={2018}
}

@article{nagabandi2017mbmf,
  title={Neural network dynamics for model-based deep reinforcement learning with model-free fine-tuning},
  author={Nagabandi, Anusha and Kahn, Gregory and Fearing, Ronald S and Levine, Sergey},
  journal={arXiv preprint arXiv:1708.02596},
  year={2017}
}

@article{bansal2017mbmf,
  title={MBMF: Model-Based Priors for Model-Free Reinforcement Learning},
  author={Bansal, Somil and Calandra, Roberto and Levine, Sergey and Tomlin, Claire},
  journal={arXiv preprint arXiv:1709.03153},
  year={2017}
}

@inproceedings{watter2015e2c,
  title={Embed to control: A locally linear latent dynamics model for control from raw images},
  author={Watter, Manuel and Springenberg, Jost and Boedecker, Joschka and Riedmiller, Martin},
  booktitle={Advances in neural information processing systems},
  pages={2746--2754},
  year={2015}
}

@article{banijamali2017rce,
  title={Robust locally-linear controllable embedding},
  author={Banijamali, Ershad and Shu, Rui and Ghavamzadeh, Mohammad and Bui, Hung and Ghodsi, Ali},
  journal={arXiv preprint arXiv:1710.05373},
  year={2017}
}

@article{buesing2018dssm,
  title={Learning and Querying Fast Generative Models for Reinforcement Learning},
  author={Buesing, Lars and Weber, Theophane and Racaniere, Sebastien and Eslami, SM and Rezende, Danilo and Reichert, David P and Viola, Fabio and Besse, Frederic and Gregor, Karol and Hassabis, Demis and others},
  journal={arXiv preprint arXiv:1802.03006},
  year={2018}
}

@article{banijamali2017disentangling,
  title={Disentangling Dynamics and Content for Control and Planning},
  author={Banijamali, Ershad and Khajenezhad, Ahmad and Ghodsi, Ali and Ghavamzadeh, Mohammad},
  journal={arXiv preprint arXiv:1711.09165},
  year={2017}
}

@article{wahlstrom2015pixels,
  title={Learning deep dynamical models from image pixels},
  author={Wahlstr{\"o}m, Niklas and Sch{\"o}n, Thomas B and Deisenroth, Marc Peter},
  journal={IFAC-PapersOnLine},
  volume={48},
  number={28},
  pages={1059--1064},
  year={2015},
  publisher={Elsevier}
}

@inproceedings{amos2018awareness,
  title={Learning Awareness Models},
  author={Brandon Amos and Laurent Dinh and Serkan Cabi and Thomas Rothörl and Alistair Muldal and Tom Erez and Yuval Tassa and Nando de Freitas and Misha Denil},
  booktitle={International Conference on Learning Representations},
  year={2018}
}

@inproceedings{kalweit2017blending,
  title={Uncertainty-driven Imagination for Continuous Deep Reinforcement Learning},
  author={Kalweit, Gabriel and Boedecker, Joschka},
  booktitle={Conference on Robot Learning},
  pages={195--206},
  year={2017}
}

@article{higuera2018synthesizing,
  title={Synthesizing Neural Network Controllers with Probabilistic Model based Reinforcement Learning},
  author={Higuera, Juan Camilo Gamboa and Meger, David and Dudek, Gregory},
  journal={arXiv preprint arXiv:1803.02291},
  year={2018}
}

@inproceedings{deisenroth2011pilco,
  title={PILCO: A model-based and data-efficient approach to policy search},
  author={Deisenroth, Marc and Rasmussen, Carl E},
  booktitle={Proceedings of the 28th International Conference on machine learning (ICML-11)},
  pages={465--472},
  year={2011}
}

@inproceedings{gal2016deeppilco,
  title={Improving PILCO with Bayesian neural network dynamics models},
  author={Gal, Yarin and McAllister, Rowan and Rasmussen, Carl Edward},
  booktitle={Data-Efficient Machine Learning workshop, ICML},
  year={2016}
}

@article{rusu2016progressive,
  title={Progressive neural networks},
  author={Rusu, Andrei A and Rabinowitz, Neil C and Desjardins, Guillaume and Soyer, Hubert and Kirkpatrick, James and Kavukcuoglu, Koray and Pascanu, Razvan and Hadsell, Raia},
  journal={arXiv preprint arXiv:1606.04671},
  year={2016}
}

@inproceedings{teh2017distral,
  title={Distral: Robust multitask reinforcement learning},
  author={Teh, Yee and Bapst, Victor and Czarnecki, Wojciech M and Quan, John and Kirkpatrick, James and Hadsell, Raia and Heess, Nicolas and Pascanu, Razvan},
  booktitle={Advances in Neural Information Processing Systems},
  pages={4499--4509},
  year={2017}
}

@article{sutton1991dyna,
  title={Dyna, an integrated architecture for learning, planning, and reacting},
  author={Sutton, Richard S},
  journal={ACM SIGART Bulletin},
  volume={2},
  number={4},
  pages={160--163},
  year={1991},
  publisher={ACM}
}

@article{ha2018worldmodels,
  title={World Models},
  author={Ha, David and Schmidhuber, J{\"u}rgen},
  journal={arXiv preprint arXiv:1803.10122},
  year={2018}
}

@article{henaff2018planbybackprop,
  title={Model-Based Planning with Discrete and Continuous Actions},
  author={Henaff, Mikael and Whitney, William F and LeCun, Yann},
  journal={arXiv preprint arXiv:1705.07177},
  year={2018}
}

@inproceedings{heess2015svg,
  title={Learning continuous control policies by stochastic value gradients},
  author={Heess, Nicolas and Wayne, Gregory and Silver, David and Lillicrap, Tim and Erez, Tom and Tassa, Yuval},
  booktitle={Advances in Neural Information Processing Systems},
  pages={2944--2952},
  year={2015}
}

@inproceedings{finn2017foresight,
  title={Deep visual foresight for planning robot motion},
  author={Finn, Chelsea and Levine, Sergey},
  booktitle={Robotics and Automation (ICRA), 2017 IEEE International Conference on},
  pages={2786--2793},
  year={2017},
  organization={IEEE}
}

@article{rao2009control,
  title={A survey of numerical methods for optimal control},
  author={Rao, Anil V},
  journal={Advances in the Astronautical Sciences},
  volume={135},
  number={1},
  pages={497--528},
  year={2009},
  publisher={Univelt, Inc.}
}

@article{weber2017i2a,
  title={Imagination-augmented agents for deep reinforcement learning},
  author={Weber, Th{\'e}ophane and Racani{\`e}re, S{\'e}bastien and Reichert, David P and Buesing, Lars and Guez, Arthur and Rezende, Danilo Jimenez and Badia, Adria Puigdom{\`e}nech and Vinyals, Oriol and Heess, Nicolas and Li, Yujia and others},
  journal={arXiv preprint arXiv:1707.06203},
  year={2017}
}

@inproceedings{oh2015atari,
  title={Action-conditional video prediction using deep networks in atari games},
  author={Oh, Junhyuk and Guo, Xiaoxiao and Lee, Honglak and Lewis, Richard L and Singh, Satinder},
  booktitle={Advances in Neural Information Processing Systems},
  pages={2863--2871},
  year={2015}
}

@article{kurutach2018modeltrpo,
  title={Model-ensemble trust-region policy optimization},
  author={Kurutach, Thanard and Clavera, Ignasi and Duan, Yan and Tamar, Aviv and Abbeel, Pieter},
  journal={arXiv preprint arXiv:1802.10592},
  year={2018}
}

@inproceedings{kalweit2017modelddpg,
  title={Uncertainty-driven Imagination for Continuous Deep Reinforcement Learning},
  author={Kalweit, Gabriel and Boedecker, Joschka},
  booktitle={Conference on Robot Learning},
  pages={195--206},
  year={2017}
}

@inproceedings{pathak2017mario,
  title={Curiosity-driven exploration by self-supervised prediction},
  author={Pathak, Deepak and Agrawal, Pulkit and Efros, Alexei A and Darrell, Trevor},
  booktitle={International Conference on Machine Learning (ICML)},
  volume={2017},
  year={2017}
}

@inproceedings{chung2015vrnn,
  title={A recurrent latent variable model for sequential data},
  author={Chung, Junyoung and Kastner, Kyle and Dinh, Laurent and Goel, Kratarth and Courville, Aaron C and Bengio, Yoshua},
  booktitle={Advances in neural information processing systems},
  pages={2980--2988},
  year={2015}
}

@inproceedings{van2017vq,
  title={Neural discrete representation learning},
  author={van den Oord, Aaron and Vinyals, Oriol and others},
  booktitle={Advances in Neural Information Processing Systems},
  pages={6309--6318},
  year={2017}
}

@article{hoffman2013svi,
  title={Stochastic variational inference},
  author={Hoffman, Matthew D and Blei, David M and Wang, Chong and Paisley, John},
  journal={The Journal of Machine Learning Research},
  volume={14},
  number={1},
  pages={1303--1347},
  year={2013},
  publisher={JMLR. org}
}

@phdthesis{richards2005mpc,
  title={Robust constrained model predictive control},
  author={Richards, Arthur George},
  year={2005},
  school={Massachusetts Institute of Technology}
}

@article{rubinstein1997cem,
  title={Optimization of computer simulation models with rare events},
  author={Rubinstein, Reuven Y},
  journal={European Journal of Operational Research},
  volume={99},
  number={1},
  pages={89--112},
  year={1997},
  publisher={Elsevier}
}

@inproceedings{hansen1996cma,
  title={Adapting arbitrary normal mutation distributions in evolution strategies: The covariance matrix adaptation},
  author={Hansen, Nikolaus and Ostermeier, Andreas},
  booktitle={Evolutionary Computation, 1996., Proceedings of IEEE International Conference on},
  pages={312--317},
  year={1996},
  organization={IEEE}
}

@article{tassa2018dmcontrol,
  title={DeepMind Control Suite},
  author={Tassa, Yuval and Doron, Yotam and Muldal, Alistair and Erez, Tom and Li, Yazhe and Casas, Diego de Las and Budden, David and Abdolmaleki, Abbas and Merel, Josh and Lefrancq, Andrew and others},
  journal={arXiv preprint arXiv:1801.00690},
  year={2018}
}

@article{wayne2018merlin,
  title={Unsupervised Predictive Memory in a Goal-Directed Agent},
  author={Wayne, Greg and Hung, Chia-Chun and Amos, David and Mirza, Mehdi and Ahuja, Arun and Grabska-Barwinska, Agnieszka and Rae, Jack and Mirowski, Piotr and Leibo, Joel Z and Santoro, Adam and others},
  journal={arXiv preprint arXiv:1803.10760},
  year={2018}
}

@article{henaff2017planbybackprop,
  author    = {Mikael Henaff and William F. Whitney and Yann LeCun},
  title     = {Model-Based Planning in Discrete Action Spaces},
  journal   = {CoRR},
  volume    = {abs/1705.07177},
  year      = {2017},
  archivePrefix = {arXiv},
  eprint    = {1705.07177},
  timestamp = {Wed, 07 Jun 2017 14:42:08 +0200},
}

@article{gemici2017temporalmemory,
  title={Generative Temporal Models with Memory},
  author={Gemici, Mevlana and Hung, Chia-Chun and Santoro, Adam and Wayne, Greg and Mohamed, Shakir and Rezende, Danilo J and Amos, David and Lillicrap, Timothy},
  journal={arXiv preprint arXiv:1702.04649},
  year={2017}
}

@inproceedings{higgins2016beta,
  title={beta-vae: Learning basic visual concepts with a constrained variational framework},
  author={Higgins, Irina and Matthey, Loic and Pal, Arka and Burgess, Christopher and Glorot, Xavier and Botvinick, Matthew and Mohamed, Shakir and Lerchner, Alexander},
  booktitle={International Conference on Learning Representations},
  year={2016}
}

@article{kingma2014adam,
  title={Adam: A method for stochastic optimization},
  author={Kingma, Diederik P and Ba, Jimmy},
  journal={arXiv preprint arXiv:1412.6980},
  year={2014}
}

@article{wayne2018unsupervised,
  title={Unsupervised Predictive Memory in a Goal-Directed Agent},
  author={Wayne, Greg and Hung, Chia-Chun and Amos, David and Mirza, Mehdi and Ahuja, Arun and Grabska-Barwinska, Agnieszka and Rae, Jack and Mirowski, Piotr and Leibo, Joel Z and Santoro, Adam and others},
  journal={arXiv preprint arXiv:1803.10760},
  year={2018}
}

@article{chiappa2017simulators,
  title={Recurrent environment simulators},
  author={Chiappa, Silvia and Racaniere, S{\'e}bastien and Wierstra, Daan and Mohamed, Shakir},
  journal={arXiv preprint arXiv:1704.02254},
  year={2017}
}

@inproceedings{mnih2016a3c,
  title={Asynchronous methods for deep reinforcement learning},
  author={Mnih, Volodymyr and Badia, Adria Puigdomenech and Mirza, Mehdi and Graves, Alex and Lillicrap, Timothy and Harley, Tim and Silver, David and Kavukcuoglu, Koray},
  booktitle={International Conference on Machine Learning},
  pages={1928--1937},
  year={2016}
}

@article{schulman2017ppo,
  title={Proximal policy optimization algorithms},
  author={Schulman, John and Wolski, Filip and Dhariwal, Prafulla and Radford, Alec and Klimov, Oleg},
  journal={arXiv preprint arXiv:1707.06347},
  year={2017}
}

@article{hafner2017tfagents,
  title={TensorFlow Agents: Efficient Batched Reinforcement Learning in TensorFlow},
  author={Hafner, Danijar and Davidson, James and Vanhoucke, Vincent},
  journal={arXiv preprint arXiv:1709.02878},
  year={2017}
}

@article{barth2018d4pg,
  title={Distributed Distributional Deterministic Policy Gradients},
  author={Barth-Maron, Gabriel and Hoffman, Matthew W and Budden, David and Dabney, Will and Horgan, Dan and Muldal, Alistair and Heess, Nicolas and Lillicrap, Timothy},
  journal={arXiv preprint arXiv:1804.08617},
  year={2018}
}

@inproceedings{alemi18fixing,
  title={Fixing a Broken ELBO},
  author={Alemi, Alexander A and Poole, Ben and Fischer, Ian and Dillon, Joshua V and Saurous, Rif A and Murphy, Kevin},
  year={2018},
  booktitle={Proceedings of the 35th International Conference on Machine Learning (ICML-18)}
}

@article{szegedy2013intriguing,
  title={Intriguing properties of neural networks},
  author={Szegedy, Christian and Zaremba, Wojciech and Sutskever, Ilya and Bruna, Joan and Erhan, Dumitru and Goodfellow, Ian and Fergus, Rob},
  journal={arXiv preprint arXiv:1312.6199},
  year={2013}
}

@article{chua2018deep,
   author = {{Chua}, K. and {Calandra}, R. and {McAllister}, R. and {Levine}, S.},
    title = "{Deep Reinforcement Learning in a Handful of Trials using Probabilistic Dynamics Models}",
  journal = {ArXiv e-prints},
archivePrefix = "arXiv",
   eprint = {1805.12114},
 primaryClass = "cs.LG",
 keywords = {Computer Science - Learning, Computer Science - Artificial Intelligence, Computer Science - Robotics, Statistics - Machine Learning},
     year = 2018,
    month = may,
}

@article{karl2016dvbf,
  title={Deep Variational Bayes Filters: Unsupervised learning of state space models from raw data},
  author={Karl, Maximilian and Soelch, Maximilian and Bayer, Justin and van der Smagt, Patrick},
  journal={arXiv preprint arXiv:1605.06432},
  year={2016}
}

@article{krishnan2015deepkalman,
  title={Deep kalman filters},
  author={Krishnan, Rahul G and Shalit, Uri and Sontag, David},
  journal={arXiv preprint arXiv:1511.05121},
  year={2015}
}

@article{gregor2018tdvae,
  title={Temporal Difference Variational Auto-Encoder},
  author={Gregor, Karol and Besse, Frederic},
  journal={arXiv preprint arXiv:1806.03107},
  year={2018}
}

@article{doerr2018prssm,
  title={Probabilistic Recurrent State-Space Models},
  author={Doerr, Andreas and Daniel, Christian and Schiegg, Martin and Nguyen-Tuong, Duy and Schaal, Stefan and Toussaint, Marc and Trimpe, Sebastian},
  journal={arXiv preprint arXiv:1801.10395},
  year={2018}
}

@inproceedings{lamb2016professor,
  title={Professor forcing: A new algorithm for training recurrent networks},
  author={Lamb, Alex M and GOYAL, Anirudh Goyal ALIAS PARTH and Zhang, Ying and Zhang, Saizheng and Courville, Aaron C and Bengio, Yoshua},
  booktitle={Advances In Neural Information Processing Systems},
  pages={4601--4609},
  year={2016}
}

@article{srinivas2018upn,
  title={Universal Planning Networks},
  author={Srinivas, Aravind and Jabri, Allan and Abbeel, Pieter and Levine, Sergey and Finn, Chelsea},
  journal={arXiv preprint arXiv:1804.00645},
  year={2018}
}

@inproceedings{nair2010relu,
  title={Rectified linear units improve restricted boltzmann machines},
  author={Nair, Vinod and Hinton, Geoffrey E},
  booktitle={Proceedings of the 27th international conference on machine learning (ICML-10)},
  pages={807--814},
  year={2010}
}

@article{cho2014gru,
  title={Learning phrase representations using RNN encoder-decoder for statistical machine translation},
  author={Cho, Kyunghyun and Van Merri{\"e}nboer, Bart and Gulcehre, Caglar and Bahdanau, Dzmitry and Bougares, Fethi and Schwenk, Holger and Bengio, Yoshua},
  journal={arXiv preprint arXiv:1406.1078},
  year={2014}
}

@inproceedings{bengio2015scheduled,
  title={Scheduled sampling for sequence prediction with recurrent neural networks},
  author={Bengio, Samy and Vinyals, Oriol and Jaitly, Navdeep and Shazeer, Noam},
  booktitle={Advances in Neural Information Processing Systems},
  pages={1171--1179},
  year={2015}
}

@inproceedings{talvitie2014hallucinated,
  title={Model Regularization for Stable Sample Rollouts.},
  author={Talvitie, Erik},
  booktitle={UAI},
  pages={780--789},
  year={2014}
}

@inproceedings{venkatraman2015dad,
  title={Improving Multi-Step Prediction of Learned Time Series Models.},
  author={Venkatraman, Arun and Hebert, Martial and Bagnell, J Andrew},
  booktitle={AAAI},
  pages={3024--3030},
  year={2015}
}

@article{igl2018dvrl,
  title={Deep Variational Reinforcement Learning for POMDPs},
  author={Igl, Maximilian and Zintgraf, Luisa and Le, Tuan Anh and Wood, Frank and Whiteson, Shimon},
  journal={arXiv preprint arXiv:1806.02426},
  year={2018}
}

@article{silver2017alphago,
  title={Mastering the game of Go without human knowledge},
  author={Silver, David and Schrittwieser, Julian and Simonyan, Karen and Antonoglou, Ioannis and Huang, Aja and Guez, Arthur and Hubert, Thomas and Baker, Lucas and Lai, Matthew and Bolton, Adrian and others},
  journal={Nature},
  volume={550},
  number={7676},
  pages={354},
  year={2017},
  publisher={Nature Publishing Group}
}

@inproceedings{tassa2012mpc,
  title={Synthesis and stabilization of complex behaviors through online trajectory optimization},
  author={Tassa, Yuval and Erez, Tom and Todorov, Emanuel},
  booktitle={Intelligent Robots and Systems (IROS), 2012 IEEE/RSJ International Conference on},
  pages={4906--4913},
  year={2012},
  organization={IEEE}
}

@inproceedings{tassa2014mpc,
  title={Control-limited differential dynamic programming},
  author={Tassa, Yuval and Mansard, Nicolas and Todorov, Emo},
  booktitle={Robotics and Automation (ICRA), 2014 IEEE International Conference on},
  pages={1168--1175},
  year={2014},
  organization={IEEE}
}

@article{moravvcik2017deepstack,
  title={Deepstack: Expert-level artificial intelligence in heads-up no-limit poker},
  author={Morav{\v{c}}{\'\i}k, Matej and Schmid, Martin and Burch, Neil and Lis{\`y}, Viliam and Morrill, Dustin and Bard, Nolan and Davis, Trevor and Waugh, Kevin and Johanson, Michael and Bowling, Michael},
  journal={Science},
  volume={356},
  number={6337},
  pages={508--513},
  year={2017},
  publisher={American Association for the Advancement of Science}
}

@article{mnih2015dqn,
  title={Human-level control through deep reinforcement learning},
  author={Mnih, Volodymyr and Kavukcuoglu, Koray and Silver, David and Rusu, Andrei A and Veness, Joel and Bellemare, Marc G and Graves, Alex and Riedmiller, Martin and Fidjeland, Andreas K and Ostrovski, Georg and others},
  journal={Nature},
  volume={518},
  number={7540},
  pages={529},
  year={2015},
  publisher={Nature Publishing Group}
}

@article{moerland2017learning,
  title={Learning multimodal transition dynamics for model-based reinforcement learning},
  author={Moerland, Thomas M and Broekens, Joost and Jonker, Catholijn M},
  journal={arXiv preprint arXiv:1705.00470},
  year={2017}
}

@article{ebert2017visualmpc,
  title={Self-supervised visual planning with temporal skip connections},
  author={Ebert, Frederik and Finn, Chelsea and Lee, Alex X and Levine, Sergey},
  journal={arXiv preprint arXiv:1710.05268},
  year={2017}
}

@article{dillon2017tfd,
  title={TensorFlow Distributions},
  author={Dillon, Joshua V and Langmore, Ian and Tran, Dustin and Brevdo, Eugene and Vasudevan, Srinivas and Moore, Dave and Patton, Brian and Alemi, Alex and Hoffman, Matt and Saurous, Rif A},
  journal={arXiv preprint arXiv:1711.10604},
  year={2017}
}

@inproceedings{agrawal2016poking,
  title={Learning to poke by poking: Experiential learning of intuitive physics},
  author={Agrawal, Pulkit and Nair, Ashvin V and Abbeel, Pieter and Malik, Jitendra and Levine, Sergey},
  booktitle={Advances in Neural Information Processing Systems},
  pages={5074--5082},
  year={2016}
}

@inproceedings{bellemare2016actiongap,
  title={Increasing the Action Gap: New Operators for Reinforcement Learning.},
  author={Bellemare, Marc G and Ostrovski, Georg and Guez, Arthur and Thomas, Philip S and Munos, R{\'e}mi},
  booktitle={AAAI},
  pages={1476--1483},
  year={2016}
}

@article{kingma2018glow,
  title={Glow: Generative flow with invertible 1x1 convolutions},
  author={Kingma, Diederik P and Dhariwal, Prafulla},
  journal={arXiv preprint arXiv:1807.03039},
  year={2018}
}

@article{ebert2018foresight,
  title={Visual Foresight: Model-Based Deep Reinforcement Learning for Vision-Based Robotic Control},
  author={Ebert, Frederik and Finn, Chelsea and Dasari, Sudeep and Xie, Annie and Lee, Alex and Levine, Sergey},
  journal={arXiv preprint arXiv:1812.00568},
  year={2018}
}

@inproceedings{krishnan2017ssmelbo,
  title={Structured Inference Networks for Nonlinear State Space Models.},
  author={Krishnan, Rahul G and Shalit, Uri and Sontag, David},
  booktitle={AAAI},
  pages={2101--2109},
  year={2017}
}

@inproceedings{chua2018pets,
  title={Deep reinforcement learning in a handful of trials using probabilistic dynamics models},
  author={Chua, Kurtland and Calandra, Roberto and McAllister, Rowan and Levine, Sergey},
  booktitle={Advances in Neural Information Processing Systems},
  pages={4754--4765},
  year={2018}
}

@article{lowrey2018polo,
  title={Plan Online, Learn Offline: Efficient Learning and Exploration via Model-Based Control},
  author={Lowrey, Kendall and Rajeswaran, Aravind and Kakade, Sham and Todorov, Emanuel and Mordatch, Igor},
  journal={arXiv preprint arXiv:1811.01848},
  year={2018}
}

@article{chua2018supets,
  title={Unsupervised Exploration with Deep Model-Based Reinforcement Learning},
  author={Chua, Kurtland and McAllister, Rowan and Calandra, Roberto and Levine, Sergey},
  year={2018}
}

@inproceedings{pathak2019disagreement,
  title={Self-Supervised Exploration via Disagreement},
  author={Pathak, Deepak and Gandhi, Dhiraj and Gupta, Abhinav},
  booktitle={International Conference on Machine Learning},
  pages={5062--5071},
  year={2019}
}

@article{heess2017parkour,
  title={Emergence of locomotion behaviours in rich environments},
  author={Heess, Nicolas and Sriram, Srinivasan and Lemmon, Jay and Merel, Josh and Wayne, Greg and Tassa, Yuval and Erez, Tom and Wang, Ziyu and Eslami, SM and Riedmiller, Martin and others},
  journal={arXiv preprint arXiv:1707.02286},
  year={2017}
}

@article{silver2016alphago,
  title={Mastering the game of Go with deep neural networks and tree search},
  author={Silver, David and Huang, Aja and Maddison, Chris J and Guez, Arthur and Sifre, Laurent and Van Den Driessche, George and Schrittwieser, Julian and Antonoglou, Ioannis and Panneershelvam, Veda and Lanctot, Marc and others},
  journal={nature},
  volume={529},
  number={7587},
  pages={484},
  year={2016},
  publisher={Nature Publishing Group}
}

@inproceedings{osband2018randomprior,
  title={Randomized prior functions for deep reinforcement learning},
  author={Osband, Ian and Aslanides, John and Cassirer, Albin},
  booktitle={Advances in Neural Information Processing Systems},
  pages={8617--8629},
  year={2018}
}

@article{eysenbach2018diayn,
  title={Diversity is all you need: learning skills without a reward function},
  author={Eysenbach, Benjamin and Gupta, Abhishek and Ibarz, Julian and Levine, Sergey},
  journal={arXiv preprint arXiv:1802.06070},
  year={2018}
}

@article{lynch2019play,
  title={Learning Latent Plans from Play},
  author={Lynch, Corey and Khansari, Mohi and Xiao, Ted and Kumar, Vikash and Tompson, Jonathan and Levine, Sergey and Sermanet, Pierre},
  journal={arXiv preprint arXiv:1903.01973},
  year={2019}
}

@inproceedings{buckman2018steve,
  title={Sample-efficient reinforcement learning with stochastic ensemble value expansion},
  author={Buckman, Jacob and Hafner, Danijar and Tucker, George and Brevdo, Eugene and Lee, Honglak},
  booktitle={Advances in Neural Information Processing Systems},
  pages={8224--8234},
  year={2018}
}

@article{sun2019fbnn,
  title={Functional Variational Bayesian Neural Networks},
  author={Sun, Shengyang and Zhang, Guodong and Shi, Jiaxin and Grosse, Roger},
  journal={arXiv preprint arXiv:1903.05779},
  year={2019}
}

@article{wu2018dvi,
  title={Deterministic Variational Inference for Robust Bayesian Neural Networks},
  author={Wu, Anqi and Nowozin, Sebastian and Meeds, Edward and Turner, Richard E and Hern{\'a}ndez-Lobato, Jos{\'e} Miguel and Gaunt, Alexander L},
  year={2018}
}

@inproceedings{hafner2018ncp,
  title={Reliable uncertainty estimates in deep neural networks using noise contrastive priors},
  author={Hafner, Danijar and Tran, Dustin and Irpan, Alex and Lillicrap, Timothy and Davidson, James},
  booktitle={Conference on Uncertainty in Artificial Intelligence},
  year={2019}
}

@article{savinov2018reachability,
  title={Episodic curiosity through reachability},
  author={Savinov, Nikolay and Raichuk, Anton and Marinier, Rapha{\"e}l and Vincent, Damien and Pollefeys, Marc and Lillicrap, Timothy and Gelly, Sylvain},
  journal={arXiv preprint arXiv:1810.02274},
  year={2018}
}

@article{amodei2016safety,
  title={Concrete problems in AI safety},
  author={Amodei, Dario and Olah, Chris and Steinhardt, Jacob and Christiano, Paul and Schulman, John and Man{\'e}, Dan},
  journal={arXiv preprint arXiv:1606.06565},
  year={2016}
}

@misc{openai2018dota,
  author = {OpenAI},
  title = {{OpenAI Five}},
  howpublished = {\url{https://blog.openai.com/openai-five/}},
  year = {2018}
}

@article{sermanet2016perceptual,
  title={Unsupervised perceptual rewards for imitation learning},
  author={Sermanet, Pierre and Xu, Kelvin and Levine, Sergey},
  journal={arXiv preprint arXiv:1612.06699},
  year={2016}
}

@inproceedings{tang2017hash,
  title={\# Exploration: A study of count-based exploration for deep reinforcement learning},
  author={Tang, Haoran and Houthooft, Rein and Foote, Davis and Stooke, Adam and Chen, OpenAI Xi and Duan, Yan and Schulman, John and DeTurck, Filip and Abbeel, Pieter},
  booktitle={Advances in neural information processing systems},
  pages={2753--2762},
  year={2017}
}

@inproceedings{osband2016bootdqn,
  title={Deep exploration via bootstrapped {DQN}},
  author={Osband, Ian and Blundell, Charles and Pritzel, Alexander and Van Roy, Benjamin},
  booktitle={Advances in neural information processing systems},
  pages={4026--4034},
  year={2016}
}

@inproceedings{azizzadenesheli2018bayesiandqn,
  title={Efficient exploration through Bayesian Deep {Q}-{N}etworks},
  author={Azizzadenesheli, Kamyar and Brunskill, Emma and Anandkumar, Animashree},
  booktitle={2018 Information Theory and Applications Workshop (ITA)},
  pages={1--9},
  year={2018},
  organization={IEEE}
}

@inproceedings{fu2017ex2,
  title={Ex2: Exploration with exemplar models for deep reinforcement learning},
  author={Fu, Justin and Co-Reyes, John and Levine, Sergey},
  booktitle={Advances in Neural Information Processing Systems},
  pages={2577--2587},
  year={2017}
}

@inproceedings{lopes2012retrospective,
  title={Exploration in model-based reinforcement learning by empirically estimating learning progress},
  author={Lopes, Manuel and Lang, Tobias and Toussaint, Marc and Oudeyer, Pierre-Yves},
  booktitle={Advances in Neural Information Processing Systems},
  pages={206--214},
  year={2012}
}

@article{thrun1992undirected,
  title={Efficient exploration in reinforcement learning},
  author={Thrun, Sebastian B},
  year={1992},
  publisher={Citeseer}
}

@article{burda2018scale,
  title={Large-scale study of curiosity-driven learning},
  author={Burda, Yuri and Edwards, Harri and Pathak, Deepak and Storkey, Amos and Darrell, Trevor and Efros, Alexei A},
  journal={arXiv preprint arXiv:1808.04355},
  year={2018}
}

@article{sermanet2017tcn,
  title={Time-Contrastive Networks: Self-Supervised Learning from Pixels},
  author={Sermanet, Pierre and Lynch, Corey and Chebotar, Yevgen and Hsu, Jasmine and Jang, Eric and Schaal, Stefan and Levine, Sergey},
  year={2017}
}

@article{pong2019skewfit,
  title={Skew-Fit: State-Covering Self-Supervised Reinforcement Learning},
  author={Pong, Vitchyr H and Dalal, Murtaza and Lin, Steven and Nair, Ashvin and Bahl, Shikhar and Levine, Sergey},
  journal={arXiv preprint arXiv:1903.03698},
  year={2019}
}

@inproceedings{nair2018imagined,
  title={Visual reinforcement learning with imagined goals},
  author={Nair, Ashvin V and Pong, Vitchyr and Dalal, Murtaza and Bahl, Shikhar and Lin, Steven and Levine, Sergey},
  booktitle={Advances in Neural Information Processing Systems},
  pages={9191--9200},
  year={2018}
}

@article{warde2018discern,
  title={Unsupervised control through non-parametric discriminative rewards},
  author={Warde-Farley, David and Van de Wiele, Tom and Kulkarni, Tejas and Ionescu, Catalin and Hansen, Steven and Mnih, Volodymyr},
  journal={arXiv preprint arXiv:1811.11359},
  year={2018}
}

@article{clevert2015elu,
  title={Fast and accurate deep network learning by exponential linear units (elus)},
  author={Clevert, Djork-Arn{\'e} and Unterthiner, Thomas and Hochreiter, Sepp},
  journal={arXiv preprint arXiv:1511.07289},
  year={2015}
}

@article{lee2019slac,
  title={Stochastic Latent Actor-Critic: Deep Reinforcement Learning with a Latent Variable Model},
  author={Lee, Alex X and Nagabandi, Anusha and Abbeel, Pieter and Levine, Sergey},
  journal={arXiv preprint arXiv:1907.00953},
  year={2019}
}

@article{haarnoja2018sac,
  title={Soft actor-critic: Off-policy maximum entropy deep reinforcement learning with a stochastic actor},
  author={Haarnoja, Tuomas and Zhou, Aurick and Abbeel, Pieter and Levine, Sergey},
  journal={arXiv preprint arXiv:1801.01290},
  year={2018}
}

@article{poole2019bounds,
  title={On variational bounds of mutual information},
  author={Poole, Ben and Ozair, Sherjil and Oord, Aaron van den and Alemi, Alexander A and Tucker, George},
  journal={arXiv preprint arXiv:1905.06922},
  year={2019}
}

@inproceedings{zhang2018solar,
  title={SOLAR: deep structured representations for model-based reinforcement learning},
  author={Zhang, Marvin and Vikram, Sharad and Smith, Laura and Abbeel, Pieter and Johnson, Matthew and Levine, Sergey},
  booktitle={International Conference on Machine Learning},
  year={2019}
}

@article{tishby2000ib,
  title={The information bottleneck method},
  author={Tishby, Naftali and Pereira, Fernando C and Bialek, William},
  journal={arXiv preprint physics/0004057},
  year={2000}
}

@article{alemi2016vib,
  title={Deep variational information bottleneck},
  author={Alemi, Alexander A and Fischer, Ian and Dillon, Joshua V and Murphy, Kevin},
  journal={arXiv preprint arXiv:1612.00410},
  year={2016}
}

@inproceedings{gutmann2010nce,
  title={Noise-contrastive estimation: a new estimation principle for unnormalized statistical models},
  author={Gutmann, Michael and Hyv{\"a}rinen, Aapo},
  booktitle={Proceedings of the Thirteenth International Conference on Artificial Intelligence and Statistics},
  pages={297--304},
  year={2010}
}

@article{oord2018cpc,
  title={Representation learning with contrastive predictive coding},
  author={Oord, Aaron van den and Li, Yazhe and Vinyals, Oriol},
  journal={arXiv preprint arXiv:1807.03748},
  year={2018}
}

@article{gelada2019deepmdp,
  title={Deep{MDP}: Learning Continuous Latent Space Models for Representation Learning},
  author={Gelada, Carles and Kumar, Saurabh and Buckman, Jacob and Nachum, Ofir and Bellemare, Marc G},
  journal={arXiv preprint arXiv:1906.02736},
  year={2019}
}

@book{sutton2018rl,
  title={Reinforcement learning: An introduction},
  author={Sutton, Richard S and Barto, Andrew G},
  year={2018},
  publisher={MIT press}
}

@article{gregor2019beliefstate,
  title={Shaping Belief States with Generative Environment Models for RL},
  author={Gregor, Karol and Rezende, Danilo Jimenez and Besse, Frederic and Wu, Yan and Merzic, Hamza and Oord, Aaron van den},
  journal={arXiv preprint arXiv:1906.09237},
  year={2019}
}

@article{lillicrap2015ddpg,
  title={Continuous control with deep reinforcement learning},
  author={Lillicrap, Timothy P and Hunt, Jonathan J and Pritzel, Alexander and Heess, Nicolas and Erez, Tom and Tassa, Yuval and Silver, David and Wierstra, Daan},
  journal={arXiv preprint arXiv:1509.02971},
  year={2015}
}

@article{fujimoto2018td3,
  title={Addressing function approximation error in actor-critic methods},
  author={Fujimoto, Scott and van Hoof, Herke and Meger, David},
  journal={arXiv preprint arXiv:1802.09477},
  year={2018}
}

@article{feinberg2018mve,
  title={Model-based value estimation for efficient model-free reinforcement learning},
  author={Feinberg, Vladimir and Wan, Alvin and Stoica, Ion and Jordan, Michael I and Gonzalez, Joseph E and Levine, Sergey},
  journal={arXiv preprint arXiv:1803.00101},
  year={2018}
}

@article{wang2019poplin,
  title={Exploring Model-based Planning with Policy Networks},
  author={Wang, Tingwu and Ba, Jimmy},
  journal={arXiv preprint arXiv:1906.08649},
  year={2019}
}

@article{guo2018actioncpc,
  title={Neural predictive belief representations},
  author={Guo, Zhaohan Daniel and Azar, Mohammad Gheshlaghi and Piot, Bilal and Pires, Bernardo A and Pohlen, Toby and Munos, R{\'e}mi},
  journal={arXiv preprint arXiv:1811.06407},
  year={2018}
}

@article{jaderberg2016unreal,
  title={Reinforcement learning with unsupervised auxiliary tasks},
  author={Jaderberg, Max and Mnih, Volodymyr and Czarnecki, Wojciech Marian and Schaul, Tom and Leibo, Joel Z and Silver, David and Kavukcuoglu, Koray},
  journal={arXiv preprint arXiv:1611.05397},
  year={2016}
}

@article{eslami2018gqn,
  title={Neural scene representation and rendering},
  author={Eslami, SM Ali and Rezende, Danilo Jimenez and Besse, Frederic and Viola, Fabio and Morcos, Ari S and Garnelo, Marta and Ruderman, Avraham and Rusu, Andrei A and Danihelka, Ivo and Gregor, Karol and others},
  journal={Science},
  volume={360},
  number={6394},
  pages={1204--1210},
  year={2018},
  publisher={American Association for the Advancement of Science}
}

@inproceedings{oh2017vpn,
  title={Value prediction network},
  author={Oh, Junhyuk and Singh, Satinder and Lee, Honglak},
  booktitle={Advances in Neural Information Processing Systems},
  pages={6118--6128},
  year={2017}
}

@article{lecun1989cnn,
  title={Backpropagation applied to handwritten zip code recognition},
  author={LeCun, Yann and Boser, Bernhard and Denker, John S and Henderson, Donnie and Howard, Richard E and Hubbard, Wayne and Jackel, Lawrence D},
  journal={Neural computation},
  volume={1},
  number={4},
  pages={541--551},
  year={1989},
  publisher={MIT Press}
}

@article{mcallester2018ncelimit,
  title={Formal limitations on the measurement of mutual information},
  author={McAllester, David and Statos, Karl},
  journal={arXiv preprint arXiv:1811.04251},
  year={2018}
}

@article{parmas2019pipps,
  title={PIPPS: Flexible model-based policy search robust to the curse of chaos},
  author={Parmas, Paavo and Rasmussen, Carl Edward and Peters, Jan and Doya, Kenji},
  journal={arXiv preprint arXiv:1902.01240},
  year={2019}
}

@article{kalman1960filter,
  title={A new approach to linear filtering and prediction problems},
  author={Kalman, Rudolph Emil},
  journal={Journal of basic Engineering},
  volume={82},
  number={1},
  pages={35--45},
  year={1960},
  publisher={American Society of Mechanical Engineers Digital Collection}
}

@article{williams1992reinforce,
  title={Simple statistical gradient-following algorithms for connectionist reinforcement learning},
  author={Williams, Ronald J},
  journal={Machine learning},
  volume={8},
  number={3-4},
  pages={229--256},
  year={1992},
  publisher={Springer}
}

@inproceedings{silver2014dpg,
  title={Deterministic policy gradient algorithms},
  author={Silver, David and Lever, Guy and Heess, Nicolas and Degris, Thomas and Wierstra, Daan and Riedmiller, Martin},
  booktitle={Proceedings of the 31st International Conference on Machine
Learning},
  year={2014}
}

@article{wang2016acer,
  title={Sample efficient actor-critic with experience replay},
  author={Wang, Ziyu and Bapst, Victor and Heess, Nicolas and Mnih, Volodymyr and Munos, Remi and Kavukcuoglu, Koray and de Freitas, Nando},
  journal={arXiv preprint arXiv:1611.01224},
  year={2016}
}

@article{gruslys2017reactor,
  title={The Reactor: A fast and sample-efficient Actor-Critic agent for Reinforcement Learning},
  author={Gruslys, Audrunas and Dabney, Will and Azar, Mohammad Gheshlaghi and Piot, Bilal and Bellemare, Marc and Munos, Remi},
  journal={arXiv preprint arXiv:1704.04651},
  year={2017}
}

@article{foerster2018dice,
  title={Dice: The infinitely differentiable monte-carlo estimator},
  author={Foerster, Jakob and Farquhar, Gregory and Al-Shedivat, Maruan and Rockt{\"a}schel, Tim and Xing, Eric P and Whiteson, Shimon},
  journal={arXiv preprint arXiv:1802.05098},
  year={2018}
}

@article{salimans2017es,
  title={Evolution strategies as a scalable alternative to reinforcement learning},
  author={Salimans, Tim and Ho, Jonathan and Chen, Xi and Sidor, Szymon and Sutskever, Ilya},
  journal={arXiv preprint arXiv:1703.03864},
  year={2017}
}

@article{rumelhart1988backprop,
  title={Learning representations by back-propagating errors},
  author={Rumelhart, David E and Hinton, Geoffrey E and Williams, Ronald J and others},
  journal={Cognitive modeling},
  volume={5},
  number={3},
  pages={1},
  year={1988}
}

@article{byravan2019ivg,
  title={Imagined Value Gradients: Model-Based Policy Optimization with Transferable Latent Dynamics Models},
  author={Byravan, Arunkumar and Springenberg, Jost Tobias and Abdolmaleki, Abbas and Hafner, Roland and Neunert, Michael and Lampe, Thomas and Siegel, Noah and Heess, Nicolas and Riedmiller, Martin},
  journal={arXiv preprint arXiv:1910.04142},
  year={2019}
}

@article{henaff2019planbybackprop,
  title={Model-predictive policy learning with uncertainty regularization for driving in dense traffic},
  author={Henaff, Mikael and Canziani, Alfredo and LeCun, Yann},
  journal={arXiv preprint arXiv:1901.02705},
  year={2019}
}

@article{tingwu2019benchmark,
  author = {Tingwu Wang and Xuchan Bao and Ignasi Clavera and Jerrick Hoang and Yeming Wen and Eric Langlois and Shunshi Zhang and Guodong Zhang and Pieter Abbeel and Jimmy Ba},
  title = {Benchmarking Model-Based Reinforcement Learning},
  journal = {CoRR},
  volume = {abs/1907.02057},
  year = {2019},
  archivePrefix = {arXiv},
  eprint = {1907.02057},
}

@article{bellemare2013ale,
  title={The arcade learning environment: An evaluation platform for general agents},
  author={Bellemare, Marc G and Naddaf, Yavar and Veness, Joel and Bowling, Michael},
  journal={Journal of Artificial Intelligence Research},
  volume={47},
  pages={253--279},
  year={2013}
}

@article{beattie2016dmlab,
  title={Deepmind lab},
  author={Beattie, Charles and Leibo, Joel Z and Teplyashin, Denis and Ward, Tom and Wainwright, Marcus and K{\"u}ttler, Heinrich and Lefrancq, Andrew and Green, Simon and Vald{\'e}s, V{\'\i}ctor and Sadik, Amir and others},
  journal={arXiv preprint arXiv:1612.03801},
  year={2016}
}

@article{machado2018stickyactions,
  title={Revisiting the arcade learning environment: Evaluation protocols and open problems for general agents},
  author={Machado, Marlos C and Bellemare, Marc G and Talvitie, Erik and Veness, Joel and Hausknecht, Matthew and Bowling, Michael},
  journal={Journal of Artificial Intelligence Research},
  volume={61},
  pages={523--562},
  year={2018}
}

@inproceedings{hessel2018rainbow,
  title={Rainbow: Combining improvements in deep reinforcement learning},
  author={Hessel, Matteo and Modayil, Joseph and Van Hasselt, Hado and Schaul, Tom and Ostrovski, Georg and Dabney, Will and Horgan, Dan and Piot, Bilal and Azar, Mohammad and Silver, David},
  booktitle={Thirty-Second AAAI Conference on Artificial Intelligence},
  year={2018}
}

@article{espeholt2018impala,
  title={Impala: Scalable distributed deep-rl with importance weighted actor-learner architectures},
  author={Espeholt, Lasse and Soyer, Hubert and Munos, Remi and Simonyan, Karen and Mnih, Volodymir and Ward, Tom and Doron, Yotam and Firoiu, Vlad and Harley, Tim and Dunning, Iain and others},
  journal={arXiv preprint arXiv:1802.01561},
  year={2018}
}

@article{kaiser2019simple,
  title={Model-based reinforcement learning for atari},
  author={Kaiser, Lukasz and Babaeizadeh, Mohammad and Milos, Piotr and Osinski, Blazej and Campbell, Roy H and Czechowski, Konrad and Erhan, Dumitru and Finn, Chelsea and Kozakowski, Piotr and Levine, Sergey and others},
  journal={arXiv preprint arXiv:1903.00374},
  year={2019}
}

@article{castro2018dopamine,
  title={Dopamine: A research framework for deep reinforcement learning},
  author={Castro, Pablo Samuel and Moitra, Subhodeep and Gelada, Carles and Kumar, Saurabh and Bellemare, Marc G},
  journal={arXiv preprint arXiv:1812.06110},
  year={2018}
}

@article{schrittwieser2019muzero,
  title={Mastering Atari, Go, Chess and Shogi by Planning with a Learned Model},
  author={Schrittwieser, Julian and Antonoglou, Ioannis and Hubert, Thomas and Simonyan, Karen and Sifre, Laurent and Schmitt, Simon and Guez, Arthur and Lockhart, Edward and Hassabis, Demis and Graepel, Thore and others},
  journal={arXiv preprint arXiv:1911.08265},
  year={2019}
}

@article{bengio2013straight,
  title={Estimating or propagating gradients through stochastic neurons for conditional computation},
  author={Bengio, Yoshua and L{\'e}onard, Nicholas and Courville, Aaron},
  journal={arXiv preprint arXiv:1308.3432},
  year={2013}
}

@article{piergiovanni2018dreaming,
  title={Learning real-world robot policies by dreaming},
  author={Piergiovanni, AJ and Wu, Alan and Ryoo, Michael S},
  journal={arXiv preprint arXiv:1805.07813},
  year={2018}
}

@article{schmidhuber1990diffmodel,
  title={Making the World Differentiable: On Using Self-Supervised Fully Recurrent Neural Networks for Dynamic Reinforcement Learning and Planning in Non-Stationary Environments},
  author={Schmidhuber, J{\"u}rgen},
  year={1990}
}

@article{hafner2019dreamer,
  title={Dream to Control: Learning Behaviors by Latent Imagination},
  author={Hafner, Danijar and Lillicrap, Timothy and Ba, Jimmy and Norouzi, Mohammad},
  journal={arXiv preprint arXiv:1912.01603},
  year={2019}
}

@inproceedings{ma2015mcmcdecomp,
  title={A complete recipe for stochastic gradient MCMC},
  author={Ma, Yi-An and Chen, Tianqi and Fox, Emily},
  booktitle={Advances in Neural Information Processing Systems},
  pages={2917--2925},
  year={2015}
}

@article{ao2013dynamicdecomp,
  title={Dynamical decomposition of markov processes without detailed balance},
  author={Ao, Ping and Tian-Qi, Chen and Jiang-Hong, Shi},
  journal={Chinese Physics Letters},
  volume={30},
  number={7},
  pages={070201},
  year={2013},
  publisher={IOP Publishing}
}

@article{richards2019deepneuro,
  title={A deep learning framework for neuroscience},
  author={Richards, Blake A and Lillicrap, Timothy P and Beaudoin, Philippe and Bengio, Yoshua and Bogacz, Rafal and Christensen, Amelia and Clopath, Claudia and Costa, Rui Ponte and de Berker, Archy and Ganguli, Surya and others},
  journal={Nature neuroscience},
  volume={22},
  number={11},
  pages={1761--1770},
  year={2019},
  publisher={Nature Publishing Group}
}

@article{kullback1951kl,
  title={On information and sufficiency},
  author={Kullback, Solomon and Leibler, Richard A},
  journal={The annals of mathematical statistics},
  volume={22},
  number={1},
  pages={79--86},
  year={1951},
  publisher={JSTOR}
}

@article{achiam2018valor,
  title={Variational option discovery algorithms},
  author={Achiam, Joshua and Edwards, Harrison and Amodei, Dario and Abbeel, Pieter},
  journal={arXiv preprint arXiv:1807.10299},
  year={2018}
}

@article{berseth2019smirl,
  title={SMiRL: Surprise Minimizing RL in Dynamic Environments},
  author={Berseth, Glen and Geng, Daniel and Devin, Coline and Finn, Chelsea and Jayaraman, Dinesh and Levine, Sergey},
  journal={arXiv preprint arXiv:1912.05510},
  year={2019}
}

@article{shannon1948infotheory,
  title={A mathematical theory of communication},
  author={Shannon, Claude E},
  journal={Bell system technical journal},
  volume={27},
  number={3},
  pages={379--423},
  year={1948},
  publisher={Wiley Online Library}
}

@book{dirac1958quantummechanics,
  title={The principles of quantum mechanics},
  author={Dirac, Paul Adrien Maurice},
  year={1958},
  publisher={Oxford university press}
}

@misc{rudin1966analysis,
  title={Complex analysis},
  author={Rudin, Real},
  year={1966},
  publisher={McGraw-Hill, Inc}
}

@article{jaynes1957maximumentropy,
  title={Information theory and statistical mechanics},
  author={Jaynes, Edwin T},
  journal={Physical review},
  volume={106},
  number={4},
  pages={620},
  year={1957},
  publisher={APS}
}

@article{jefferys1992occamsrazor,
  title={Ockham's razor and Bayesian analysis},
  author={Jefferys, William H and Berger, James O},
  journal={American Scientist},
  volume={80},
  number={1},
  pages={64--72},
  year={1992},
  publisher={JSTOR}
}

@inproceedings{ortega2011boundedrational,
  title={Information, utility and bounded rationality},
  author={Ortega, Daniel Alexander and Braun, Pedro Alejandro},
  booktitle={International Conference on Artificial General Intelligence},
  pages={269--274},
  year={2011},
  organization={Springer}
}

@book{morgenstern1953seu,
  title={Theory of games and economic behavior},
  author={Morgenstern, Oskar and Von Neumann, John},
  year={1953},
  publisher={Princeton university press}
}

@book{murphy2012book,
  title={Machine learning: a probabilistic perspective},
  author={Murphy, Kevin P},
  year={2012},
  publisher={MIT press}
}

@article{lecun2006energytutorial,
  title={A tutorial on energy-based learning},
  author={LeCun, Yann and Chopra, Sumit and Hadsell, Raia and Ranzato, M and Huang, F},
  journal={Predicting structured data},
  volume={1},
  number={0},
  year={2006}
}

@book{bishop2006book,
  title={Pattern recognition and machine learning},
  author={Bishop, Christopher M},
  year={2006},
  publisher={springer}
}

@article{amari1967onlinelearning,
  title={A theory of adaptive pattern classifiers},
  author={Amari, Shunichi},
  journal={IEEE Transactions on Electronic Computers},
  pages={299--307},
  year={1967},
  publisher={IEEE}
}

@inproceedings{ross2008bapomdp,
  title={Bayes-adaptive pomdps},
  author={Ross, Stephane and Chaib-draa, Brahim and Pineau, Joelle},
  booktitle={Advances in neural information processing systems},
  pages={1225--1232},
  year={2008}
}

@book{wiener1948cybernetics,
  title={Cybernetics or Control and Communication in the Animal and the Machine},
  author={Wiener, Norbert},
  year={1948},
  publisher={MIT press}
}

@book{ashby1961cybernetics,
  title={An introduction to cybernetics},
  author={Ashby, W Ross},
  year={1961},
  publisher={Chapman \& Hall Ltd}
}

@article{friston2012value,
  title={What is value—accumulated reward or evidence?},
  author={Friston, Karl and Adams, Rick and Montague, Read},
  journal={Frontiers in neurorobotics},
  volume={6},
  pages={11},
  year={2012},
  publisher={Frontiers}
}

@article{brown1981completeclass,
  title={A complete class theorem for statistical problems with finite sample spaces},
  author={Brown, Lawrence D},
  journal={The Annals of Statistics},
  pages={1289--1300},
  year={1981},
  publisher={JSTOR}
}

@book{haken1981synergetics,
  title={The science of structure: Synergetics},
  author={Haken, Hermann},
  publisher={Van Nostrand Reinhold},
  year={1981}
}

@article{ghasemipour2019divminimitation,
  title={A Divergence Minimization Perspective on Imitation Learning Methods},
  author={Ghasemipour, Seyed Kamyar Seyed and Zemel, Richard and Gu, Shixiang},
  journal={arXiv preprint arXiv:1911.02256},
  year={2019}
}

@inproceedings{li2017alice,
  title={Alice: Towards understanding adversarial learning for joint distribution matching},
  author={Li, Chunyuan and Liu, Hao and Chen, Changyou and Pu, Yuchen and Chen, Liqun and Henao, Ricardo and Carin, Lawrence},
  booktitle={Advances in Neural Information Processing Systems},
  pages={5495--5503},
  year={2017}
}

@article{kirsch2020ibframework,
  title={Unpacking Information Bottlenecks: Unifying Information-Theoretic Objectives in Deep Learning},
  author={Kirsch, Andreas and Lyle, Clare and Gal, Yarin},
  journal={arXiv preprint arXiv:2003.12537},
  year={2020}
}

@article{de2018curiosityempow,
  title={A unified strategy for implementing curiosity and empowerment driven reinforcement learning},
  author={de Abril, Ildefons Magrans and Kanai, Ryota},
  journal={arXiv preprint arXiv:1806.06505},
  year={2018}
}

@article{dayan1995helmholtz,
  title={The {H}elmholtz Machine},
  author={Dayan, Peter and Hinton, Geoffrey E and Neal, Radford M and Zemel, Richard S},
  journal={Neural computation},
  volume={7},
  number={5},
  pages={889--904},
  year={1995},
  publisher={MIT Press}
}

@article{hinton2006deepbelief,
  title={A fast learning algorithm for deep belief nets},
  author={Hinton, Geoffrey E and Osindero, Simon and Teh, Yee-Whye},
  journal={Neural computation},
  volume={18},
  number={7},
  pages={1527--1554},
  year={2006},
  publisher={MIT Press}
}

@book{rubin1983equivalence,
  title={A weak system of axioms for 'rational' behavior and the non-separability of utility from prior},
  author={Rubin, Herman and others},
  year={1983},
  publisher={Purdue University. Department of Statistics}
}

@article{helmholtz1866perception,
  title={Concerning the perceptions in general},
  author={Helmholtz, H von},
  journal={Treatise on physiological optics},
  year={1866}
}

@article{gregory1980perception,
  title={Perceptions as hypotheses},
  author={Gregory, Richard Langton},
  journal={Philosophical Transactions of the Royal Society of London. B, Biological Sciences},
  volume={290},
  number={1038},
  pages={181--197},
  year={1980},
  publisher={The Royal Society London}
}

@article{denker1987bnn,
  title={Large automatic learning, rule extraction, and generalization},
  author={Denker, John and Schwartz, Daniel and Wittner, Ben and Solla, Sara and Howard, Richard and Jackel, Lawrence and Hopfield, John},
  journal={Complex Systems},
  volume={1},
  number={5},
  pages={877--922},
  year={1987}
}

@article{mackay1992bnn,
  title={A practical Bayesian framework for backpropagation networks},
  author={MacKay, David JC},
  journal={Neural computation},
  volume={4},
  number={3},
  pages={448--472},
  year={1992},
  publisher={MIT Press}
}

@article{blundell2015bbb,
  title={Weight uncertainty in neural networks},
  author={Blundell, Charles and Cornebise, Julien and Kavukcuoglu, Koray and Wierstra, Daan},
  journal={arXiv preprint arXiv:1505.05424},
  year={2015}
}

@article{kim2018semiamortized,
  title={Semi-amortized variational autoencoders},
  author={Kim, Yoon and Wiseman, Sam and Miller, Andrew C and Sontag, David and Rush, Alexander M},
  journal={arXiv preprint arXiv:1802.02550},
  year={2018}
}

@misc{ghahramani1995missing,
  title={Learning from incomplete data},
  author={Ghahramani, Zoubin and Jordan, Michael I},
  year={1995}
}

@article{fischer2020ceb,
  title={The Conditional Entropy Bottleneck},
  author={Fischer, Ian},
  journal={arXiv preprint arXiv:2002.05379},
  year={2020}
}

@inproceedings{haarnoja2017sql,
  title={Reinforcement learning with deep energy-based policies},
  author={Haarnoja, Tuomas and Tang, Haoran and Abbeel, Pieter and Levine, Sergey},
  booktitle={Proceedings of the 34th International Conference on Machine Learning-Volume 70},
  pages={1352--1361},
  year={2017},
  organization={JMLR. org}
}

@article{sekar2020plan2explore,
  title={Planning to Explore via Self-Supervised World Models},
  author={Sekar, Ramanan and Rybkin, Oleh and Daniilidis, Kostas and Abbeel, Pieter and Hafner, Danijar and Pathak, Deepak},
  journal={arXiv preprint arXiv:2005.05960},
  year={2020}
}

@inproceedings{kendall2019driving,
  title={Learning to drive in a day},
  author={Kendall, Alex and Hawke, Jeffrey and Janz, David and Mazur, Przemyslaw and Reda, Daniele and Allen, John-Mark and Lam, Vinh-Dieu and Bewley, Alex and Shah, Amar},
  booktitle={2019 International Conference on Robotics and Automation (ICRA)},
  pages={8248--8254},
  year={2019},
  organization={IEEE}
}

@article{srinivas2020curl,
  title={Curl: Contrastive unsupervised representations for reinforcement learning},
  author={Srinivas, Aravind and Laskin, Michael and Abbeel, Pieter},
  journal={arXiv preprint arXiv:2004.04136},
  year={2020}
}

@article{tirumala2019maxenttasks,
  title={Exploiting hierarchy for learning and transfer in kl-regularized rl},
  author={Tirumala, Dhruva and Noh, Hyeonwoo and Galashov, Alexandre and Hasenclever, Leonard and Ahuja, Arun and Wayne, Greg and Pascanu, Razvan and Teh, Yee Whye and Heess, Nicolas},
  journal={arXiv preprint arXiv:1903.07438},
  year={2019}
}

@article{xin2020explentropy,
  title={Exploration Entropy for Reinforcement Learning},
  author={Xin, Bo and Yu, Haixu and Qin, You and Tang, Qing and Zhu, Zhangqing},
  journal={Mathematical Problems in Engineering},
  volume={2020},
  year={2020},
  publisher={Hindawi}
}

@article{wald1947complete,
  title={An essentially complete class of admissible decision functions},
  author={Wald, Abraham},
  journal={The Annals of Mathematical Statistics},
  pages={549--555},
  year={1947},
  publisher={JSTOR}
}

@article{sharma2019dads,
  title={Dynamics-aware unsupervised discovery of skills},
  author={Sharma, Archit and Gu, Shixiang and Levine, Sergey and Kumar, Vikash and Hausman, Karol},
  journal={arXiv preprint arXiv:1907.01657},
  year={2019}
}

@article{hinton2015distillation,
  title={Distilling the knowledge in a neural network},
  author={Hinton, Geoffrey and Vinyals, Oriol and Dean, Jeff},
  journal={arXiv preprint arXiv:1503.02531},
  year={2015}
}

@article{mirchev2018dvbflm,
  title={Approximate Bayesian inference in spatial environments},
  author={Mirchev, Atanas and Kayalibay, Baris and Soelch, Maximilian and van der Smagt, Patrick and Bayer, Justin},
  journal={arXiv preprint arXiv:1805.07206},
  year={2018}
}

@inproceedings{barber2003variationalinfo,
  title={The {IM} algorithm: a variational approach to information maximization},
  author={Barber, David and Agakov, Felix V},
  booktitle={Advances in neural information processing systems},
  year={2003}
}

@article{gregor2016vic,
  title={Variational intrinsic control},
  author={Gregor, Karol and Rezende, Danilo Jimenez and Wierstra, Daan},
  journal={arXiv preprint arXiv:1611.07507},
  year={2016}
}

@article{da2020activeinference,
  title={Active inference on discrete state-spaces: a synthesis},
  author={Da Costa, Lancelot and Parr, Thomas and Sajid, Noor and Veselic, Sebastijan and Neacsu, Victorita and Friston, Karl},
  journal={arXiv preprint arXiv:2001.07203},
  year={2020}
}

@article{ortega2010bayesiancontrolrule,
  title={A minimum relative entropy principle for learning and acting},
  author={Ortega, Pedro A and Braun, Daniel A},
  journal={Journal of Artificial Intelligence Research},
  volume={38},
  pages={475--511},
  year={2010}
}

@article{odonoghue2020maxentsense,
  title={Making Sense of Reinforcement Learning and Probabilistic Inference},
  author={O'Donoghue, Brendan and Osband, Ian and Ionescu, Catalin},
  journal={arXiv preprint arXiv:2001.00805},
  year={2020}
}

@article{tschantz2020rlactinf,
  title={Reinforcement Learning through Active Inference},
  author={Tschantz, Alexander and Millidge, Beren and Seth, Anil K and Buckley, Christopher L},
  journal={arXiv preprint arXiv:2002.12636},
  year={2020}
}

@inproceedings{schulman2015stochcompgraph,
  title={Gradient estimation using stochastic computation graphs},
  author={Schulman, John and Heess, Nicolas and Weber, Theophane and Abbeel, Pieter},
  booktitle={Advances in Neural Information Processing Systems},
  pages={3528--3536},
  year={2015}
}

@article{yarats2019sacae,
  title={Improving Sample Efficiency in Model-Free Reinforcement Learning from Images},
  author={Yarats, Denis and Zhang, Amy and Kostrikov, Ilya and Amos, Brandon and Pineau, Joelle and Fergus, Rob},
  journal={arXiv preprint arXiv:1910.01741},
  year={2019}
}

@inproceedings{lange2010rlrecon,
  title={Deep auto-encoder neural networks in reinforcement learning},
  author={Lange, Sascha and Riedmiller, Martin},
  booktitle={The 2010 International Joint Conference on Neural Networks (IJCNN)},
  pages={1--8},
  year={2010},
  organization={IEEE}
}

@article{tschannen2019miprior,
  title={On mutual information maximization for representation learning},
  author={Tschannen, Michael and Djolonga, Josip and Rubenstein, Paul K and Gelly, Sylvain and Lucic, Mario},
  journal={arXiv preprint arXiv:1907.13625},
  year={2019}
}

@inproceedings{moutarlier1989slam,
  title={Stochastic multisensory data fusion for mobile robot location and environment modelling. 5th Int},
  author={Moutarlier, P and Chatila, Raja},
  booktitle={Symposium on Robotics Research},
  pages={207},
  year={1989}
}

@article{friston2010fep,
  title={The free-energy principle: a unified brain theory?},
  author={Friston, Karl},
  journal={Nature reviews neuroscience},
  volume={11},
  number={2},
  pages={127--138},
  year={2010},
  publisher={Nature publishing group}
}

@article{galashov2019defaultpolicy,
  title={Information asymmetry in KL-regularized RL},
  author={Galashov, Alexandre and Jayakumar, Siddhant M and Hasenclever, Leonard and Tirumala, Dhruva and Schwarz, Jonathan and Desjardins, Guillaume and Czarnecki, Wojciech M and Teh, Yee Whye and Pascanu, Razvan and Heess, Nicolas},
  journal={arXiv preprint arXiv:1905.01240},
  year={2019}
}

@article{shankar2020temporalvi,
  title={Learning Robot Skills with Temporal Variational Inference},
  author={Shankar, Tanmay and Gupta, Abhinav},
  journal={arXiv preprint arXiv:2006.16232},
  year={2020}
}

@article{chen2020simclr,
  title={A simple framework for contrastive learning of visual representations},
  author={Chen, Ting and Kornblith, Simon and Norouzi, Mohammad and Hinton, Geoffrey},
  journal={arXiv preprint arXiv:2002.05709},
  year={2020}
}

@article{pearl1995docalculus,
  title={Causal diagrams for empirical research},
  author={Pearl, Judea},
  journal={Biometrika},
  volume={82},
  number={4},
  pages={669--688},
  year={1995},
  publisher={Oxford University Press}
}

@book{mackay2003information,
  title={Information theory, inference and learning algorithms},
  author={MacKay, David JC},
  year={2003},
  publisher={Cambridge university press}
}

@article{huffman1952coding,
  title={A method for the construction of minimum-redundancy codes},
  author={Huffman, David A},
  journal={Proceedings of the IRE},
  volume={40},
  number={9},
  pages={1098--1101},
  year={1952},
  publisher={IEEE}
}

@article{ha2016hypernets,
  title={Hypernetworks},
  author={Ha, David and Dai, Andrew and Le, Quoc V},
  journal={arXiv preprint arXiv:1609.09106},
  year={2016}
}

@article{stratonovich1960hmm,
  title={Markov’s conditional processes},
  author={Stratonovich, RL},
  journal={Teoriya Veroyatn. Primen},
  volume={5},
  pages={172--195},
  year={1960}
}

@inproceedings{sutton2000policygradient,
  title={Policy gradient methods for reinforcement learning with function approximation},
  author={Sutton, Richard S and McAllester, David A and Singh, Satinder P and Mansour, Yishay},
  booktitle={Advances in neural information processing systems},
  pages={1057--1063},
  year={2000}
}

@techreport{bowling2000stochasticgames,
  title={An analysis of stochastic game theory for multiagent reinforcement learning},
  author={Bowling, Michael and Veloso, Manuela},
  year={2000},
  institution={Carnegie-Mellon Univ Pittsburgh Pa School of Computer Science}
}

@article{salge2013continuousempow,
  title={Approximation of empowerment in the continuous domain},
  author={Salge, Christoph and Glackin, Cornelius and Polani, Daniel},
  journal={Advances in Complex Systems},
  volume={16},
  number={02n03},
  pages={1250079},
  year={2013},
  publisher={World Scientific}
}

@article{zhao2020empow,
  title={Efficient Online Estimation of Empowerment for Reinforcement Learning},
  author={Zhao, Ruihan and Abbeel, Pieter and Tiomkin, Stas},
  journal={arXiv preprint arXiv:2007.07356},
  year={2020}
}

@inproceedings{leibfried2019empowreward,
  title={A unified bellman optimality principle combining reward maximization and empowerment},
  author={Leibfried, Felix and Pascual-Diaz, Sergio and Grau-Moya, Jordi},
  booktitle={Advances in Neural Information Processing Systems},
  pages={7869--7880},
  year={2019}
}

@article{sutton1999options,
  title={Between MDPs and semi-MDPs: A framework for temporal abstraction in reinforcement learning},
  author={Sutton, Richard S and Precup, Doina and Singh, Satinder},
  journal={Artificial intelligence},
  volume={112},
  number={1-2},
  pages={181--211},
  year={1999},
  publisher={Elsevier}
}

@inproceedings{louizos2016bnnmatrix,
  title={Structured and efficient variational deep learning with matrix gaussian posteriors},
  author={Louizos, Christos and Welling, Max},
  booktitle={International Conference on Machine Learning},
  pages={1708--1716},
  year={2016}
}

@article{ghosh2017bnnhorseshoe,
  title={Model selection in Bayesian neural networks via horseshoe priors},
  author={Ghosh, Soumya and Doshi-Velez, Finale},
  journal={arXiv preprint arXiv:1705.10388},
  year={2017}
}

@article{dusenberry2020bnnrank1,
  title={Efficient and Scalable Bayesian Neural Nets with Rank-1 Factors},
  author={Dusenberry, Michael W and Jerfel, Ghassen and Wen, Yeming and Ma, Yi-an and Snoek, Jasper and Heller, Katherine and Lakshminarayanan, Balaji and Tran, Dustin},
  journal={arXiv preprint arXiv:2005.07186},
  year={2020}
}

@article{izmailov2018bnnpca,
  title={Averaging weights leads to wider optima and better generalization},
  author={Izmailov, Pavel and Podoprikhin, Dmitrii and Garipov, Timur and Vetrov, Dmitry and Wilson, Andrew Gordon},
  journal={arXiv preprint arXiv:1803.05407},
  year={2018}
}

@inproceedings{tran2019bayesianlayers,
  title={Bayesian layers: A module for neural network uncertainty},
  author={Tran, Dustin and Dusenberry, Mike and van der Wilk, Mark and Hafner, Danijar},
  booktitle={Advances in Neural Information Processing Systems},
  pages={14660--14672},
  year={2019}
}

@article{okada2020bayesianplanet,
  title={PlaNet of the Bayesians: Reconsidering and Improving Deep Planning Network by Incorporating Bayesian Inference},
  author={Okada, Masashi and Kosaka, Norio and Taniguchi, Tadahiro},
  journal={arXiv preprint arXiv:2003.00370},
  year={2020}
}

@article{peterson1987vi,
  title={A mean field theory learning algorithm for neural networks},
  author={Peterson, Carsten},
  journal={Complex systems},
  volume={1},
  pages={995--1019},
  year={1987}
}

@inproceedings{sun2017bnnstructure,
  title={Learning structured weight uncertainty in bayesian neural networks},
  author={Sun, Shengyang and Chen, Changyou and Carin, Lawrence},
  booktitle={Artificial Intelligence and Statistics},
  pages={1283--1292},
  year={2017}
}

@inproceedings{zhang2018naturalgradasvi,
  title={Noisy natural gradient as variational inference},
  author={Zhang, Guodong and Sun, Shengyang and Duvenaud, David and Grosse, Roger},
  booktitle={International Conference on Machine Learning},
  pages={5852--5861},
  year={2018}
}

@article{louizos2017bnnflow,
  title={Multiplicative normalizing flows for variational bayesian neural networks},
  author={Louizos, Christos and Welling, Max},
  journal={arXiv preprint arXiv:1703.01961},
  year={2017}
}

@article{immer2020bnnlocal,
  title={Improving predictions of Bayesian neural networks via local linearization},
  author={Immer, Alexander and Korzepa, Maciej and Bauer, Matthias},
  journal={arXiv preprint arXiv:2008.08400},
  year={2020}
}

@article{wen2018flipout,
  title={Flipout: Efficient pseudo-independent weight perturbations on mini-batches},
  author={Wen, Yeming and Vicol, Paul and Ba, Jimmy and Tran, Dustin and Grosse, Roger},
  journal={arXiv preprint arXiv:1803.04386},
  year={2018}
}

@article{chang2019bnnensemble,
  title={Ensemble Model Patching: A Parameter-Efficient Variational Bayesian Neural Network},
  author={Chang, Oscar and Yao, Yuling and Williams-King, David and Lipson, Hod},
  journal={arXiv preprint arXiv:1905.09453},
  year={2019}
}

@article{friston2015epistemics,
  title={Active inference and epistemic value},
  author={Friston, Karl and Rigoli, Francesco and Ognibene, Dimitri and Mathys, Christoph and Fitzgerald, Thomas and Pezzulo, Giovanni},
  journal={Cognitive neuroscience},
  volume={6},
  number={4},
  pages={187--214},
  year={2015},
  publisher={Taylor \& Francis}
}

@article{friston2020sophisticated,
  title={Sophisticated Inference},
  author={Friston, Karl and Da Costa, Lancelot and Hafner, Danijar and Hesp, Casper and Parr, Thomas},
  journal={arXiv preprint arXiv:2006.04120},
  year={2020}
}

@article{bowman2015klannealing,
  title={Generating sentences from a continuous space},
  author={Bowman, Samuel R and Vilnis, Luke and Vinyals, Oriol and Dai, Andrew M and Jozefowicz, Rafal and Bengio, Samy},
  journal={arXiv preprint arXiv:1511.06349},
  year={2015}
}

@inproceedings{jeffreys1935bayesfactor,
  title={Some tests of significance, treated by the theory of probability},
  author={Jeffreys, Harold},
  booktitle={Mathematical Proceedings of the Cambridge Philosophical Society},
  volume={31},
  pages={203--222},
  year={1935},
  organization={Cambridge University Press}
}

@article{kass1995bayesfactor,
  title={Bayes factors},
  author={Kass, Robert E and Raftery, Adrian E},
  journal={Journal of the american statistical association},
  volume={90},
  number={430},
  pages={773--795},
  year={1995},
  publisher={Taylor \& Francis}
}

@article{salge2014realizedempow,
  title={Changing the environment based on empowerment as intrinsic motivation},
  author={Salge, Christoph and Glackin, Cornelius and Polani, Daniel},
  journal={Entropy},
  volume={16},
  number={5},
  pages={2789--2819},
  year={2014},
  publisher={Multidisciplinary Digital Publishing Institute}
}

@article{schulman2017equivalence,
  title={Equivalence between policy gradients and soft q-learning},
  author={Schulman, John and Chen, Xi and Abbeel, Pieter},
  journal={arXiv preprint arXiv:1704.06440},
  year={2017}
}

@article{ziebart2010causalentropy,
  title={Modeling interaction via the principle of maximum causal entropy},
  author={Ziebart, Brian D and Bagnell, J Andrew and Dey, Anind K},
  year={2010},
  publisher={Carnegie Mellon University}
}

@article{fox2015softq,
  title={Taming the noise in reinforcement learning via soft updates},
  author={Fox, Roy and Pakman, Ari and Tishby, Naftali},
  journal={arXiv preprint arXiv:1512.08562},
  year={2015}
}

@article{williams1991maxentreinforce,
  title={Function optimization using connectionist reinforcement learning algorithms},
  author={Williams, Ronald J and Peng, Jing},
  journal={Connection Science},
  volume={3},
  number={3},
  pages={241--268},
  year={1991},
  publisher={Taylor \& Francis}
}

@incollection{tishby2011itpac,
  title={Information theory of decisions and actions},
  author={Tishby, Naftali and Polani, Daniel},
  booktitle={Perception-action cycle},
  pages={601--636},
  year={2011},
  publisher={Springer}
}

@article{xie2020lsp,
  title={Skill Transfer via Partially Amortized Hierarchical Planning},
  author={Xie, Kevin and Bharadhwaj, Homanga and Hafner, Danijar and Garg, Animesh and Shkurti, Florian},
  journal={arXiv preprint arXiv:2011.13897},
  year={2020}
}

@inproceedings{co2018sectar,
  title={Self-consistent trajectory autoencoder: Hierarchical reinforcement learning with trajectory embeddings},
  author={Co-Reyes, John and Liu, YuXuan and Gupta, Abhishek and Eysenbach, Benjamin and Abbeel, Pieter and Levine, Sergey},
  booktitle={International Conference on Machine Learning},
  pages={1009--1018},
  year={2018},
  organization={PMLR}
}

@article{parascandolo2020dcmcts,
  title={Divide-and-conquer monte carlo tree search for goal-directed planning},
  author={Parascandolo, Giambattista and Buesing, Lars and Merel, Josh and Hasenclever, Leonard and Aslanides, John and Hamrick, Jessica B and Heess, Nicolas and Neitz, Alexander and Weber, Theophane},
  journal={arXiv preprint arXiv:2004.11410},
  year={2020}
}

@inproceedings{corkill1979hierplan,
  title={Hierarchical planning in a distributed environment},
  author={Corkill, Daniel D},
  booktitle={IJCAI},
  volume={79},
  pages={168--175},
  year={1979}
}

@article{pertsch2020gcp,
  title={Long-horizon visual planning with goal-conditioned hierarchical predictors},
  author={Pertsch, Karl and Rybkin, Oleh and Ebert, Frederik and Zhou, Shenghao and Jayaraman, Dinesh and Finn, Chelsea and Levine, Sergey},
  journal={Advances in Neural Information Processing Systems},
  volume={33},
  year={2020}
}

@article{nachum2019hierarchyhelps,
  title={Why does hierarchy (sometimes) work so well in reinforcement learning?},
  author={Nachum, Ofir and Tang, Haoran and Lu, Xingyu and Gu, Shixiang and Lee, Honglak and Levine, Sergey},
  journal={arXiv preprint arXiv:1909.10618},
  year={2019}
}

@article{nachum2018hiro,
  title={Data-efficient hierarchical reinforcement learning},
  author={Nachum, Ofir and Gu, Shixiang and Lee, Honglak and Levine, Sergey},
  journal={arXiv preprint arXiv:1805.08296},
  year={2018}
}

@article{pashevich2018mph,
  title={Modulated policy hierarchies},
  author={Pashevich, Alexander and Hafner, Danijar and Davidson, James and Sukthankar, Rahul and Schmid, Cordelia},
  journal={arXiv preprint arXiv:1812.00025},
  year={2018}
}

@inproceedings{kompella2012curiousmisfa,
  title={Autonomous learning of abstractions using curiosity-driven modular incremental slow feature analysis},
  author={Kompella, Varun Raj and Luciw, Matthew and Stollenga, Marijn and Pape, Leo and Schmidhuber, J{\"u}rgen},
  booktitle={2012 IEEE International Conference on Development and Learning and Epigenetic Robotics (ICDL)},
  pages={1--8},
  year={2012},
  organization={IEEE}
}

@article{saxena2021clockworkvae,
  title={Clockwork Variational Autoencoders for Video Prediction},
  author={Saxena, Vaibhav and Ba, Jimmy and Hafner, Danijar},
  journal={arXiv preprint arXiv:2102.09532},
  year={2021}
}

@misc{kurt2014opensimplex,
  author={Spencer, Kurt},
  title={Noise!},
  year={2014},
  url={https://uniblock.tumblr.com/post/97868843242/noise},
}

@inproceedings{johnson2016malmo,
  title={The Malmo Platform for Artificial Intelligence Experimentation.},
  author={Johnson, Matthew and Hofmann, Katja and Hutton, Tim and Bignell, David},
  booktitle={IJCAI},
  pages={4246--4247},
  year={2016},
  organization={Citeseer}
}

@article{guss2019minerl,
  title={The minerl competition on sample efficient reinforcement learning using human priors},
  author={Guss, William H and Codel, Cayden and Hofmann, Katja and Houghton, Brandon and Kuno, Noboru and Milani, Stephanie and Mohanty, Sharada and Perez Liebana, Diego and Salakhutdinov, Ruslan and Topin, Nicholay and others},
  journal={arXiv e-prints},
  pages={arXiv--1904},
  year={2019}
}

@inproceedings{badia2020agent57,
  title={Agent57: Outperforming the atari human benchmark},
  author={Badia, Adri{\`a} Puigdom{\`e}nech and Piot, Bilal and Kapturowski, Steven and Sprechmann, Pablo and Vitvitskyi, Alex and Guo, Zhaohan Daniel and Blundell, Charles},
  booktitle={International Conference on Machine Learning},
  pages={507--517},
  year={2020},
  organization={PMLR}
}

@article{hafner2020dreamerv2,
  title={Mastering atari with discrete world models},
  author={Hafner, Danijar and Lillicrap, Timothy and Norouzi, Mohammad and Ba, Jimmy},
  journal={arXiv preprint arXiv:2010.02193},
  year={2020}
}

@article{machado2018revisiting,
  title={Revisiting the arcade learning environment: Evaluation protocols and open problems for general agents},
  author={Machado, Marlos C and Bellemare, Marc G and Talvitie, Erik and Veness, Joel and Hausknecht, Matthew and Bowling, Michael},
  journal={Journal of Artificial Intelligence Research},
  volume={61},
  pages={523--562},
  year={2018}
}

@inproceedings{cobbe2020procgen,
  title={Leveraging procedural generation to benchmark reinforcement learning},
  author={Cobbe, Karl and Hesse, Chris and Hilton, Jacob and Schulman, John},
  booktitle={International conference on machine learning},
  pages={2048--2056},
  year={2020},
  organization={PMLR}
}

@article{kuttler2020nethack,
  title={The nethack learning environment},
  author={K{\"u}ttler, Heinrich and Nardelli, Nantas and Miller, Alexander H and Raileanu, Roberta and Selvatici, Marco and Grefenstette, Edward and Rockt{\"a}schel, Tim},
  journal={arXiv preprint arXiv:2006.13760},
  year={2020}
}

@misc{brockman2016gym,
  Author = {Greg Brockman and Vicki Cheung and Ludwig Pettersson and Jonas Schneider and John Schulman and Jie Tang and Wojciech Zaremba},
  Title = {OpenAI Gym},
  Year = {2016},
  archiveprefix = {arXiv:1606.01540},
}

@misc{ashley2018stablebaselines,
  author = {Hill, Ashley and Raffin, Antonin and Ernestus, Maximilian and Gleave, Adam and Kanervisto, Anssi and Traore, Rene and Dhariwal, Prafulla and Hesse, Christopher and Klimov, Oleg and Nichol, Alex and Plappert, Matthias and Radford, Alec and Schulman, John and Sidor, Szymon and Wu, Yuhuai},
  title = {Stable Baselines},
  year = {2018},
  publisher = {GitHub},
  journal = {GitHub repository},
  howpublished = {\url{https://github.com/hill-a/stable-baselines}},
}

@article{kostrikov2020drq,
  title={Image augmentation is all you need: Regularizing deep reinforcement learning from pixels},
  author={Kostrikov, Ilya and Yarats, Denis and Fergus, Rob},
  journal={arXiv preprint arXiv:2004.13649},
  year={2020}
}

@article{yarats2021drqv2,
  title={Mastering visual continuous control: Improved data-augmented reinforcement learning},
  author={Yarats, Denis and Fergus, Rob and Lazaric, Alessandro and Pinto, Lerrel},
  journal={arXiv preprint arXiv:2107.09645},
  year={2021}
}

@article{laskin2020rad,
  title={Reinforcement learning with augmented data},
  author={Laskin, Misha and Lee, Kimin and Stooke, Adam and Pinto, Lerrel and Abbeel, Pieter and Srinivas, Aravind},
  journal={Advances in Neural Information Processing Systems},
  volume={33},
  pages={19884--19895},
  year={2020}
}

@article{abdolmaleki2018mpo,
  title={Maximum a posteriori policy optimisation},
  author={Abdolmaleki, Abbas and Springenberg, Jost Tobias and Tassa, Yuval and Munos, Remi and Heess, Nicolas and Riedmiller, Martin},
  journal={arXiv preprint arXiv:1806.06920},
  year={2018}
}

@inproceedings{abdolmaleki2020dmpo,
  title={A distributional view on multi-objective policy optimization},
  author={Abdolmaleki, Abbas and Huang, Sandy and Hasenclever, Leonard and Neunert, Michael and Song, Francis and Zambelli, Martina and Martins, Murilo and Heess, Nicolas and Hadsell, Raia and Riedmiller, Martin},
  booktitle={International Conference on Machine Learning},
  pages={11--22},
  year={2020},
  organization={PMLR}
}

@article{hoffman2020acme,
  title={Acme: A research framework for distributed reinforcement learning},
  author={Hoffman, Matt and Shahriari, Bobak and Aslanides, John and Barth-Maron, Gabriel and Behbahani, Feryal and Norman, Tamara and Abdolmaleki, Abbas and Cassirer, Albin and Yang, Fan and Baumli, Kate and others},
  journal={arXiv preprint arXiv:2006.00979},
  year={2020}
}

@inproceedings{kapturowski2018r2d2,
  title={Recurrent experience replay in distributed reinforcement learning},
  author={Kapturowski, Steven and Ostrovski, Georg and Quan, John and Munos, Remi and Dabney, Will},
  booktitle={International conference on learning representations},
  year={2018}
}

@inproceedings{hessel2019popart,
  title={Multi-task deep reinforcement learning with popart},
  author={Hessel, Matteo and Soyer, Hubert and Espeholt, Lasse and Czarnecki, Wojciech and Schmitt, Simon and van Hasselt, Hado},
  booktitle={Proceedings of the AAAI Conference on Artificial Intelligence},
  volume={33},
  pages={3796--3803},
  year={2019}
}

@article{watkins1992qlearning,
  title={Q-learning},
  author={Watkins, Christopher JCH and Dayan, Peter},
  journal={Machine learning},
  volume={8},
  number={3},
  pages={279--292},
  year={1992},
  publisher={Springer}
}

@article{schulman2015gae,
  title={High-dimensional continuous control using generalized advantage estimation},
  author={Schulman, John and Moritz, Philipp and Levine, Sergey and Jordan, Michael and Abbeel, Pieter},
  journal={arXiv preprint arXiv:1506.02438},
  year={2015}
}

@inproceedings{rafailov2021lompo,
  title={Offline reinforcement learning from images with latent space models},
  author={Rafailov, Rafael and Yu, Tianhe and Rajeswaran, Aravind and Finn, Chelsea},
  booktitle={Learning for Dynamics and Control},
  pages={1154--1168},
  year={2021},
  organization={PMLR}
}

@article{yu2021combo,
  title={Combo: Conservative offline model-based policy optimization},
  author={Yu, Tianhe and Kumar, Aviral and Rafailov, Rafael and Rajeswaran, Aravind and Levine, Sergey and Finn, Chelsea},
  journal={Advances in Neural Information Processing Systems},
  volume={34},
  year={2021}
}

@article{hilton2021emappo,
  title={Batch size-invariance for policy optimization},
  author={Hilton, Jacob and Cobbe, Karl and Schulman, John},
  journal={arXiv preprint arXiv:2110.00641},
  year={2021}
}

@article{kingma2016freebits,
  title={Improved variational inference with inverse autoregressive flow},
  author={Kingma, Durk P and Salimans, Tim and Jozefowicz, Rafal and Chen, Xi and Sutskever, Ilya and Welling, Max},
  journal={Advances in neural information processing systems},
  volume={29},
  year={2016}
}

@article{webber2012symlog,
  title={A bi-symmetric log transformation for wide-range data},
  author={Webber, J Beau W},
  journal={Measurement Science and Technology},
  volume={24},
  number={2},
  pages={027001},
  year={2012},
  publisher={IOP Publishing}
}

@article{wang2019mbrlbench,
  title={Benchmarking model-based reinforcement learning},
  author={Wang, Tingwu and Bao, Xuchan and Clavera, Ignasi and Hoang, Jerrick and Wen, Yeming and Langlois, Eric and Zhang, Shunshi and Zhang, Guodong and Abbeel, Pieter and Ba, Jimmy},
  journal={arXiv preprint arXiv:1907.02057},
  year={2019}
}

@article{andrychowicz2020whatmatters,
  title={What matters in on-policy reinforcement learning? a large-scale empirical study},
  author={Andrychowicz, Marcin and Raichuk, Anton and Sta{\'n}czyk, Piotr and Orsini, Manu and Girgin, Sertan and Marinier, Raphael and Hussenot, L{\'e}onard and Geist, Matthieu and Pietquin, Olivier and Michalski, Marcin and others},
  journal={arXiv preprint arXiv:2006.05990},
  year={2020}
}

@article{baker2022vpt,
  title={Video pretraining (vpt): Learning to act by watching unlabeled online videos},
  author={Baker, Bowen and Akkaya, Ilge and Zhokhov, Peter and Huizinga, Joost and Tang, Jie and Ecoffet, Adrien and Houghton, Brandon and Sampedro, Raul and Clune, Jeff},
  journal={arXiv preprint arXiv:2206.11795},
  year={2022}
}

@article{kanitscheider2021minecraftcurriculum,
  title={Multi-task curriculum learning in a complex, visual, hard-exploration domain: Minecraft},
  author={Kanitscheider, Ingmar and Huizinga, Joost and Farhi, David and Guss, William Hebgen and Houghton, Brandon and Sampedro, Raul and Zhokhov, Peter and Baker, Bowen and Ecoffet, Adrien and Tang, Jie and others},
  journal={arXiv preprint arXiv:2106.14876},
  year={2021}
}

@inproceedings{parisotto2020stabilizing,
  title={Stabilizing transformers for reinforcement learning},
  author={Parisotto, Emilio and Song, Francis and Rae, Jack and Pascanu, Razvan and Gulcehre, Caglar and Jayakumar, Siddhant and Jaderberg, Max and Kaufman, Raphael Lopez and Clark, Aidan and Noury, Seb and others},
  booktitle={International conference on machine learning},
  pages={7487--7498},
  year={2020},
  organization={PMLR}
}

@article{sinha2020d2rl,
  title={D2rl: Deep dense architectures in reinforcement learning},
  author={Sinha, Samarth and Bharadhwaj, Homanga and Srinivas, Aravind and Garg, Animesh},
  journal={arXiv preprint arXiv:2010.09163},
  year={2020}
}

@inproceedings{hessel2021muesli,
  title={Muesli: Combining improvements in policy optimization},
  author={Hessel, Matteo and Danihelka, Ivo and Viola, Fabio and Guez, Arthur and Schmitt, Simon and Sifre, Laurent and Weber, Theophane and Silver, David and Van Hasselt, Hado},
  booktitle={International Conference on Machine Learning},
  pages={4214--4226},
  year={2021},
  organization={PMLR}
}

@article{fan2022minedojo,
  title={Minedojo: Building open-ended embodied agents with internet-scale knowledge},
  author={Fan, Linxi and Wang, Guanzhi and Jiang, Yunfan and Mandlekar, Ajay and Yang, Yuncong and Zhu, Haoyi and Tang, Andrew and Huang, De-An and Zhu, Yuke and Anandkumar, Anima},
  journal={arXiv preprint arXiv:2206.08853},
  year={2022}
}

@article{reed2022gato,
  title={A generalist agent},
  author={Reed, Scott and Zolna, Konrad and Parisotto, Emilio and Colmenarejo, Sergio Gomez and Novikov, Alexander and Barth-Maron, Gabriel and Gimenez, Mai and Sulsky, Yury and Kay, Jackie and Springenberg, Jost Tobias and others},
  journal={arXiv preprint arXiv:2205.06175},
  year={2022}
}

@article{osband2019bsuite,
  title={Behaviour suite for reinforcement learning},
  author={Osband, Ian and Doron, Yotam and Hessel, Matteo and Aslanides, John and Sezener, Eren and Saraiva, Andre and McKinney, Katrina and Lattimore, Tor and Szepesvari, Csaba and Singh, Satinder and others},
  journal={arXiv preprint arXiv:1908.03568},
  year={2019}
}

@article{hafner2021crafter,
  title={Benchmarking the spectrum of agent capabilities},
  author={Hafner, Danijar},
  journal={arXiv preprint arXiv:2109.06780},
  year={2021}
}

@article{ye2021effzero,
  title={Mastering atari games with limited data},
  author={Ye, Weirui and Liu, Shaohuai and Kurutach, Thanard and Abbeel, Pieter and Gao, Yang},
  journal={Advances in Neural Information Processing Systems},
  volume={34},
  pages={25476--25488},
  year={2021}
}

@inproceedings{bellemare2017c51,
  title={A distributional perspective on reinforcement learning},
  author={Bellemare, Marc G and Dabney, Will and Munos, R{\'e}mi},
  booktitle={International Conference on Machine Learning},
  pages={449--458},
  year={2017},
  organization={PMLR}
}

@article{van2019nonlinearbellman,
  title={General non-linear bellman equations},
  author={van Hasselt, Hado and Quan, John and Hessel, Matteo and Xu, Zhongwen and Borsa, Diana and Barreto, Andr{\'e}},
  journal={arXiv preprint arXiv:1907.03687},
  year={2019}
}

@article{child2020vdvae,
  title={Very deep vaes generalize autoregressive models and can outperform them on images},
  author={Child, Rewon},
  journal={arXiv preprint arXiv:2011.10650},
  year={2020}
}

@article{vahdat2020nvae,
  title={NVAE: A deep hierarchical variational autoencoder},
  author={Vahdat, Arash and Kautz, Jan},
  journal={Advances in Neural Information Processing Systems},
  volume={33},
  pages={19667--19679},
  year={2020}
}

@inproceedings{imani2018distregression,
  title={Improving regression performance with distributional losses},
  author={Imani, Ehsan and White, Martha},
  booktitle={International Conference on Machine Learning},
  pages={2157--2166},
  year={2018},
  organization={PMLR}
}

@article{hinton2006ae,
  title={Reducing the dimensionality of data with neural networks},
  author={Hinton, Geoffrey E and Salakhutdinov, Ruslan R},
  journal={science},
  volume={313},
  number={5786},
  pages={504--507},
  year={2006},
  publisher={American Association for the Advancement of Science}
}

@article{micheli2022iris,
  title={Transformers are sample efficient world models},
  author={Micheli, Vincent and Alonso, Eloi and Fleuret, Fran{\c{c}}ois},
  journal={arXiv preprint arXiv:2209.00588},
  year={2022}
}

@article{schwarzer2020spr,
  title={Data-efficient reinforcement learning with self-predictive representations},
  author={Schwarzer, Max and Anand, Ankesh and Goel, Rishab and Hjelm, R Devon and Courville, Aaron and Bachman, Philip},
  journal={arXiv preprint arXiv:2007.05929},
  year={2020}
}

@inproceedings{dabney2018iqn,
  title={Implicit quantile networks for distributional reinforcement learning},
  author={Dabney, Will and Ostrovski, Georg and Silver, David and Munos, R{\'e}mi},
  booktitle={International conference on machine learning},
  pages={1096--1105},
  year={2018},
  organization={PMLR}
}

@article{stanic2022crafterobject,
  title={Learning to Generalize with Object-centric Agents in the Open World Survival Game Crafter},
  author={Stani{\'c}, Aleksandar and Tang, Yujin and Ha, David and Schmidhuber, J{\"u}rgen},
  journal={arXiv preprint arXiv:2208.03374},
  year={2022}
}

@article{park2021timeinvariantpg,
  title={Time Discretization-Invariant Safe Action Repetition for Policy Gradient Methods},
  author={Park, Seohong and Kim, Jaekyeom and Kim, Gunhee},
  journal={Advances in Neural Information Processing Systems},
  volume={34},
  pages={267--279},
  year={2021}
}

@article{hendrycks2016silu,
  title={Gaussian error linear units (gelus)},
  author={Hendrycks, Dan and Gimpel, Kevin},
  journal={arXiv preprint arXiv:1606.08415},
  year={2016}
}

@article{ba2016layernorm,
  title={Layer normalization},
  author={Ba, Jimmy Lei and Kiros, Jamie Ryan and Hinton, Geoffrey E},
  journal={arXiv preprint arXiv:1607.06450},
  year={2016}
}

@phdthesis{wiering1999unimix,
  title={Explorations in efficient reinforcement learning},
  author={Wiering, Marco A},
  year={1999},
  school={University of Amsterdam}
}

@article{hafner2022director,
  title={Deep Hierarchical Planning from Pixels},
  author={Hafner, Danijar and Lee, Kuang-Huei and Fischer, Ian and Abbeel, Pieter},
  journal={arXiv preprint arXiv:2206.04114},
  year={2022}
}

@article{rezende2018geco,
  title={Taming vaes},
  author={Rezende, Danilo Jimenez and Viola, Fabio},
  journal={arXiv preprint arXiv:1810.00597},
  year={2018}
}

@article{hilton2021ewmappo,
  title={Batch size-invariance for policy optimization},
  author={Hilton, Jacob and Cobbe, Karl and Schulman, John},
  journal={arXiv preprint arXiv:2110.00641},
  year={2021}
}

@inproceedings{riedmiller2018sparseplay,
  title={Learning by playing solving sparse reward tasks from scratch},
  author={Riedmiller, Martin and Hafner, Roland and Lampe, Thomas and Neunert, Michael and Degrave, Jonas and Wiele, Tom and Mnih, Vlad and Heess, Nicolas and Springenberg, Jost Tobias},
  booktitle={International conference on machine learning},
  pages={4344--4353},
  year={2018},
  organization={PMLR}
}

@article{mirchev2020argmax3d,
  title={Variational state-space models for localisation and dense 3d mapping in 6 dof},
  author={Mirchev, Atanas and Kayalibay, Baris and van der Smagt, Patrick and Bayer, Justin},
  journal={arXiv preprint arXiv:2006.10178},
  year={2020}
}

@inproceedings{gu2016naf,
  title={Continuous deep q-learning with model-based acceleration},
  author={Gu, Shixiang and Lillicrap, Timothy and Sutskever, Ilya and Levine, Sergey},
  booktitle={International conference on machine learning},
  pages={2829--2838},
  year={2016},
  organization={PMLR}
}

@article{driess2022nerfrl,
  title={Reinforcement Learning with Neural Radiance Fields},
  author={Driess, Danny and Schubert, Ingmar and Florence, Pete and Li, Yunzhu and Toussaint, Marc},
  journal={arXiv preprint arXiv:2206.01634},
  year={2022}
}

@article{anand2019ataristaterep,
  title={Unsupervised state representation learning in atari},
  author={Anand, Ankesh and Racah, Evan and Ozair, Sherjil and Bengio, Yoshua and C{\^o}t{\'e}, Marc-Alexandre and Hjelm, R Devon},
  journal={Advances in neural information processing systems},
  volume={32},
  year={2019}
}