@article{gu2022review,
  title={A review of safe reinforcement learning: Methods, theory and applications},
  author={Gu, Shangding and Yang, Long and Du, Yali and Chen, Guang and Walter, Florian and Wang, Jun and Yang, Yaodong and Knoll, Alois},
  journal={arXiv preprint arXiv:2205.10330},
  year={2022}
}

@article{xu2022trustworthy,
  title={Trustworthy reinforcement learning against intrinsic vulnerabilities: Robustness, safety, and generalizability},
  author={Xu, Mengdi and Liu, Zuxin and Huang, Peide and Ding, Wenhao and Cen, Zhepeng and Li, Bo and Zhao, Ding},
  journal={arXiv preprint arXiv:2209.08025},
  year={2022}
}

@article{li2022metadrive,
  title={Metadrive: Composing diverse driving scenarios for generalizable reinforcement learning},
  author={Li, Quanyi and Peng, Zhenghao and Feng, Lan and Zhang, Qihang and Xue, Zhenghai and Zhou, Bolei},
  journal={IEEE transactions on pattern analysis and machine intelligence},
  volume={45},
  number={3},
  pages={3461--3475},
  year={2022},
  publisher={IEEE}
}

@misc{Gymnasium,
  author = {Farama Foundation},
  title = {A standard API for single-agent reinforcement learning environments, with popular reference environments and related utilities (formerly Gym)},
  year = {2022},
  publisher = {GitHub},
  journal = {GitHub repository},
  howpublished = {\url{https://github.com/Farama-Foundation/Gymnasium}},
}

@article{de2020deep,
  title={Deep multi-agent reinforcement learning for decentralized continuous cooperative control},
  author={de Witt, Christian Schroeder and Peng, Bei and Kamienny, Pierre-Alexandre and Torr, Philip and B{\"o}hmer, Wendelin and Whiteson, Shimon},
  journal={arXiv preprint arXiv:2003.06709},
  volume={19},
  year={2020}
}

@article{jacobs2002physiological,
  title={Physiological responses to high-speed, open-wheel racecar driving.},
  author={Jacobs, Patrick L and Olvey, Stephen E and Johnson, Brad M and Cohn, Kelly},
  journal={Medicine and science in sports and exercise},
  volume={34},
  number={12},
  pages={2085--2090},
  year={2002}
}

@inproceedings{betz2019software,
  title={A software architecture for an autonomous racecar},
  author={Betz, Johannes and Wischnewski, Alexander and Heilmeier, Alexander and Nobis, Felix and Stahl, Tim and Hermansdorfer, Leonhard and Lienkamp, Markus},
  booktitle={2019 IEEE 89th Vehicular Technology Conference (VTC2019-Spring)},
  pages={1--6},
  year={2019},
  organization={IEEE}
}
@article{makoviychuk2021isaac,
  title={Isaac gym: High performance gpu-based physics simulation for robot learning},
  author={Makoviychuk, Viktor and Wawrzyniak, Lukasz and Guo, Yunrong and Lu, Michelle and Storey, Kier and Macklin, Miles and Hoeller, David and Rudin, Nikita and Allshire, Arthur and Handa, Ankur and others},
  journal={arXiv preprint arXiv:2108.10470},
  year={2021}
}

@article{schulman2015high,
  title={High-dimensional continuous control using generalized advantage estimation},
  author={Schulman, John and Moritz, Philipp and Levine, Sergey and Jordan, Michael and Abbeel, Pieter},
  journal={arXiv preprint arXiv:1506.02438},
  year={2015}
}
@article{hunter2004tutorial,
  author = {Hunter, David R and Lange, Kenneth},
  journal = {The American Statistician},
  number = {1},
  pages = {30--37},
  publisher = {Taylor \& Francis},
  title = {A tutorial on MM algorithms},
  volume = {58},
  year = {2004}
}


@article{williams1992simple,
  title={Simple statistical gradient-following algorithms for connectionist reinforcement learning},
  author={Williams, Ronald J},
  journal={Machine learning},
  volume={8},
  pages={229--256},
  year={1992},
  publisher={Springer}
}

@book{johnson2005pid,
  title={PID control},
  author={Johnson, Michael A and Moradi, Mohammad H},
  year={2005},
  publisher={Springer}
}

@article{kingma2014adam,
  title={Adam: A method for stochastic optimization},
  author={Kingma, Diederik P and Ba, Jimmy},
  journal={arXiv preprint arXiv:1412.6980},
  year={2014}
}

@inproceedings{hordijk1981linear,
  title={Linear programming methods for solving finite Markovian decision problems},
  author={Hordijk, A and Kallenberg, LCM},
  booktitle={DGOR: Papers of the Annual Meeting/Vortr{\"a}ge der Jahrestagung},
  pages={468--482},
  year={1981},
  organization={Springer}
}

@article{tunyasuvunakool2020dm_control,
  title={dm\_control: Software and tasks for continuous control},
  author={Tunyasuvunakool, Saran and Muldal, Alistair and Doron, Yotam and Liu, Siqi and Bohez, Steven and Merel, Josh and Erez, Tom and Lillicrap, Timothy and Heess, Nicolas and Tassa, Yuval},
  journal={Software Impacts},
  volume={6},
  pages={100022},
  year={2020},
  publisher={Elsevier}
}

@article{safe-control-gym-2022,
  title={safe-control-gym: A unified benchmark suite for safe learning-based control and reinforcement learning in robotics},
  author={Yuan, Zhaocong and Hall, Adam W and Zhou, Siqi and Brunke, Lukas and Greeff, Melissa and Panerati, Jacopo and Schoellig, Angela P},
  journal={IEEE Robotics and Automation Letters},
  volume={7},
  number={4},
  pages={11142--11149},
  year={2022},
  publisher={IEEE}
}

@article{yuan2022safe,
  title={Safe-control-Gym: A unified benchmark suite for safe learning-based control and reinforcement learning in robotics},
  author={Yuan, Zhaocong and Hall, Adam W and Zhou, Siqi and Brunke, Lukas and Greeff, Melissa and Panerati, Jacopo and Schoellig, Angela P},
  journal={IEEE Robotics and Automation Letters},
  volume={7},
  number={4},
  pages={11142--11149},
  year={2022},
  publisher={IEEE}
}

@article{xu2022safebench,
  title={Safebench: A benchmarking platform for safety evaluation of autonomous vehicles},
  author={Xu, Chejian and Ding, Wenhao and Lyu, Weijie and Liu, Zuxin and Wang, Shuai and He, Yihan and Hu, Hanjiang and Zhao, Ding and Li, Bo},
  journal={Advances in Neural Information Processing Systems},
  volume={35},
  pages={25667--25682},
  year={2022}
}

@inproceedings{ou2023towards,
  title={Towards Safe and Efficient Reinforcement Learning for Surgical Robots Using Real-Time Human Supervision and Demonstration},
  author={Ou, Yafei and Tavakoli, Mahdi},
  booktitle={2023 International Symposium on Medical Robotics (ISMR)},
  pages={1--7},
  year={2023},
  organization={IEEE}
}

@article{tabular-cmdp-1989,
  title={Markov decision processes with sample path constraints: the communicating case},
  author={Ross, Keith W and Varadarajan, Ravi},
  journal={Operations Research},
  volume={37},
  number={5},
  pages={780--790},
  year={1989},
  publisher={INFORMS}
}

@article{tabular-cmdp-1983,
  title={Linear programming and finite Markovian control problems},
  author={Kallenberg, Lodewijk CM},
  journal={MC Tracts},
  year={1983},
  publisher={Centrum Voor Wiskunde en Informatica}
}


@book{altman2021constrained,
  title={Constrained Markov decision processes},
  author={Altman, Eitan},
  year={2021},
  publisher={Routledge}
}

@inproceedings{achiam2017constrained,
  title={Constrained policy optimization},
  author={Achiam, Joshua and Held, David and Tamar, Aviv and Abbeel, Pieter},
  booktitle={International conference on machine learning},
  pages={22--31},
  year={2017},
  organization={PMLR}
}

@article{ray2019benchmarking,
  title={Benchmarking safe exploration in deep reinforcement learning},
  author={Ray, Alex and Achiam, Joshua and Amodei, Dario},
  journal={arXiv preprint arXiv:1910.01708},
  volume={7},
  number={1},
  pages={2},
  year={2019}
}

@article{chow2019lyapunov,
  title={Lyapunov-based safe policy optimization for continuous control},
  author={Chow, Yinlam and Nachum, Ofir and Faust, Aleksandra and Duenez-Guzman, Edgar and Ghavamzadeh, Mohammad},
  journal={arXiv preprint arXiv:1901.10031},
  year={2019}
}

@article{zhang2020first,
  title={First order constrained optimization in policy space},
  author={Zhang, Yiming and Vuong, Quan and Ross, Keith},
  journal={Advances in Neural Information Processing Systems},
  volume={33},
  pages={15338--15349},
  year={2020}
}

@article{yang2020projection,
  title={Projection-based constrained policy optimization},
  author={Yang, Tsung-Yen and Rosca, Justinian and Narasimhan, Karthik and Ramadge, Peter J},
  journal={arXiv preprint arXiv:2010.03152},
  year={2020}
}

@inproceedings{todorov2012mujoco,
  title={Mujoco: A physics engine for model-based control},
  author={Todorov, Emanuel and Erez, Tom and Tassa, Yuval},
  booktitle={2012 IEEE/RSJ international conference on intelligent robots and systems},
  pages={5026--5033},
  year={2012},
  organization={IEEE}
}

@misc{ji2023omnisafe,
      title={OmniSafe: An Infrastructure for Accelerating Safe Reinforcement Learning Research}, 
      author={Jiaming Ji and Jiayi Zhou and Borong Zhang and Juntao Dai and Xuehai Pan and Ruiyang Sun and Weidong Huang and Yiran Geng and Mickel Liu and Yaodong Yang},
      year={2023},
      eprint={2305.09304},
      archivePrefix={arXiv},
      primaryClass={cs.LG}
}

@article{Bai_Zhang_Tao_Wu_Wang_Xu_2023,
    author={Bai, Fengshuo and Zhang, Hongming and Tao, Tianyang and Wu, Zhiheng and Wang, Yanna and Xu, Bo},
    title={PiCor: Multi-Task Deep Reinforcement Learning with Policy Correction},
    journal={Proceedings of the AAAI Conference on Artificial Intelligence}, 
    volume={37},
    url={https://ojs.aaai.org/index.php/AAAI/article/view/25825},
    DOI={10.1609/aaai.v37i6.25825},
    number={6},
    year={2023},
    month={Jun.},
    pages={6728-6736}
}

@misc{yang2022cup,
      title={CUP: A Conservative Update Policy Algorithm for Safe Reinforcement Learning}, 
      author={Long Yang and Jiaming Ji and Juntao Dai and Yu Zhang and Pengfei Li and Gang Pan},
      year={2022},
      eprint={2202.07565},
      archivePrefix={arXiv},
      primaryClass={cs.LG}
}

@misc{huang2023safedreamer,
      title={SafeDreamer: Safe Reinforcement Learning with World Models}, 
      author={Weidong Huang and Jiaming Ji and Borong Zhang and Chunhe Xia and Yaodong Yang},
      year={2023},
      eprint={2307.07176},
      archivePrefix={arXiv},
      primaryClass={cs.LG}
}

@article{garcia2015comprehensive,
  title={A comprehensive survey on safe reinforcement learning},
  author={Garc{\i}a, Javier and Fern{\'a}ndez, Fernando},
  journal={Journal of Machine Learning Research},
  volume={16},
  number={1},
  pages={1437--1480},
  year={2015}
}

@misc{ji2023beavertails,
      title={BeaverTails: Towards Improved Safety Alignment of LLM via a Human-Preference Dataset}, 
      author={Jiaming Ji and Mickel Liu and Juntao Dai and Xuehai Pan and Chi Zhang and Ce Bian and Chi Zhang and Ruiyang Sun and Yizhou Wang and Yaodong Yang},
      year={2023},
      eprint={2307.04657},
      archivePrefix={arXiv},
      primaryClass={cs.CL}
}

@misc{dai2023safe,
      title={Safe RLHF: Safe Reinforcement Learning from Human Feedback}, 
      author={Josef Dai and Xuehai Pan and Ruiyang Sun and Jiaming Ji and Xinbo Xu and Mickel Liu and Yizhou Wang and Yaodong Yang},
      year={2023},
      eprint={2310.12773},
      archivePrefix={arXiv},
      primaryClass={cs.AI}
}


@article{chen2022towards,
  title={Towards human-level bimanual dexterous manipulation with reinforcement learning},
  author={Chen, Yuanpei and Wu, Tianhao and Wang, Shengjie and Feng, Xidong and Jiang, Jiechuan and Lu, Zongqing and McAleer, Stephen and Dong, Hao and Zhu, Song-Chun and Yang, Yaodong},
  journal={Advances in Neural Information Processing Systems},
  volume={35},
  pages={5150--5163},
  year={2022}
}

@book{sutton2018reinforcement,
  title={Reinforcement learning: An introduction},
  author={Sutton, Richard S and Barto, Andrew G},
  year={2018},
  publisher={MIT press}
}

@article{Dai_Ji_Yang_Zheng_Pan_2023, title={Augmented Proximal Policy Optimization for Safe Reinforcement Learning}, volume={37}, url={https://ojs.aaai.org/index.php/AAAI/article/view/25888}, DOI={10.1609/aaai.v37i6.25888}, abstractNote={Safe reinforcement learning considers practical scenarios that maximize the return while satisfying safety constraints. Current algorithms, which suffer from training oscillations or approximation errors, still struggle to update the policy efficiently with precise constraint satisfaction. In this article, we propose Augmented Proximal Policy Optimization (APPO), which augments the Lagrangian function of the primal constrained problem via attaching a quadratic deviation term. The constructed multiplier-penalty function dampens cost oscillation for stable convergence while being equivalent to the primal constrained problem to precisely control safety costs. APPO alternately updates the policy and the Lagrangian multiplier via solving the constructed augmented primal-dual problem, which can be easily implemented by any first-order optimizer. We apply our APPO methods in diverse safety-constrained tasks, setting a new state of the art compared with a comprehensive list of safe RL baselines. Extensive experiments verify the merits of our method in easy implementation, stable convergence, and precise cost control.}, number={6}, journal={Proceedings of the AAAI Conference on Artificial Intelligence}, author={Dai, Juntao and Ji, Jiaming and Yang, Long and Zheng, Qian and Pan, Gang}, year={2023}, month={Jun.}, pages={7288-7295} }

@inproceedings{zhang2023evaluating,
  title={Evaluating model-free reinforcement learning toward safety-critical tasks},
  author={Zhang, Linrui and Zhang, Qin and Shen, Li and Yuan, Bo and Wang, Xueqian and Tao, Dacheng},
  booktitle={Proceedings of the AAAI Conference on Artificial Intelligence},
  volume={37(12)},
  pages={15313--15321},
  year={2023}
}

@article{yang2022constrained,
  title={Constrained update projection approach to safe policy optimization},
  author={Yang, Long and Ji, Jiaming and Dai, Juntao and Zhang, Linrui and Zhou, Binbin and Li, Pengfei and Yang, Yaodong and Pan, Gang},
  journal={Advances in Neural Information Processing Systems},
  volume={35},
  pages={9111--9124},
  year={2022}
}

@article{tessler2018reward,
  title={Reward constrained policy optimization},
  author={Tessler, Chen and Mankowitz, Daniel J and Mannor, Shie},
  journal={arXiv preprint arXiv:1805.11074},
  year={2018}
}

@article{as2022constrained,
  title={Constrained policy optimization via bayesian world models},
  author={As, Yarden and Usmanova, Ilnura and Curi, Sebastian and Krause, Andreas},
  journal={arXiv preprint arXiv:2201.09802},
  year={2022}
}

@inproceedings{ma2022conservative,
  title={Conservative and adaptive penalty for model-based safe reinforcement learning},
  author={Ma, Yecheng Jason and Shen, Andrew and Bastani, Osbert and Dinesh, Jayaraman},
  booktitle={Proceedings of the AAAI conference on artificial intelligence},
  volume={36(5)},
  pages={5404--5412},
  year={2022}
}

@inproceedings{stooke2020responsive,
  title={Responsive safety in reinforcement learning by pid lagrangian methods},
  author={Stooke, Adam and Achiam, Joshua and Abbeel, Pieter},
  booktitle={International Conference on Machine Learning},
  pages={9133--9143},
  year={2020},
  organization={PMLR}
}

@article{schulman2017proximal,
  title={Proximal policy optimization algorithms},
  author={Schulman, John and Wolski, Filip and Dhariwal, Prafulla and Radford, Alec and Klimov, Oleg},
  journal={arXiv preprint arXiv:1707.06347},
  year={2017}
}

@article{feng2023dense,
  title={Dense reinforcement learning for safety validation of autonomous vehicles},
  author={Feng, Shuo and Sun, Haowei and Yan, Xintao and Zhu, Haojie and Zou, Zhengxia and Shen, Shengyin and Liu, Henry X},
  journal={Nature},
  volume={615},
  number={7953},
  pages={620--627},
  year={2023},
  publisher={Nature Publishing Group UK London}
}


@inproceedings{carlson2010increasing,
  title={Increasing robotic wheelchair safety with collaborative control: Evidence from secondary task experiments},
  author={Carlson, Tom and Demiris, Yiannis},
  booktitle={2010 IEEE International Conference on Robotics and Automation},
  pages={5582--5587},
  year={2010},
  organization={IEEE}
}

@article{bi2021safety,
  title={Safety assurance mechanisms of collaborative robotic systems in manufacturing},
  author={Bi, Zhu Ming and Luo, Chaomin and Miao, Zhonghua and Zhang, Bing and Zhang, WJ and Wang, Lihui},
  journal={Robotics and Computer-Integrated Manufacturing},
  volume={67},
  pages={102022},
  year={2021},
  publisher={Elsevier}
}

@article{brockman2016openai,
  title={Openai gym},
  author={Brockman, Greg and Cheung, Vicki and Pettersson, Ludwig and Schneider, Jonas and Schulman, John and Tang, Jie and Zaremba, Wojciech},
  journal={arXiv preprint arXiv:1606.01540},
  year={2016}
}

@article{mnih2013playing,
  title={Playing atari with deep reinforcement learning},
  author={Mnih, Volodymyr and Kavukcuoglu, Koray and Silver, David and Graves, Alex and Antonoglou, Ioannis and Wierstra, Daan and Riedmiller, Martin},
  journal={arXiv preprint arXiv:1312.5602},
  year={2013}
}

@article{leike2017ai,
  title={AI safety gridworlds},
  author={Leike, Jan and Martic, Miljan and Krakovna, Victoria and Ortega, Pedro A and Everitt, Tom and Lefrancq, Andrew and Orseau, Laurent and Legg, Shane},
  journal={arXiv preprint arXiv:1711.09883},
  year={2017}
}

@article{kuba2021trust,
  title={Trust region policy optimisation in multi-agent reinforcement learning},
  author={Kuba, Jakub Grudzien and Chen, Ruiqing and Wen, Muning and Wen, Ying and Sun, Fanglei and Wang, Jun and Yang, Yaodong},
  journal={arXiv preprint arXiv:2109.11251},
  year={2021}
}

@article{de2020independent,
  title={Is independent learning all you need in the starcraft multi-agent challenge?},
  author={de Witt, Christian Schroeder and Gupta, Tarun and Makoviichuk, Denys and Makoviychuk, Viktor and Torr, Philip HS and Sun, Mingfei and Whiteson, Shimon},
  journal={arXiv preprint arXiv:2011.09533},
  year={2020}
}


@article{gu2021multi,
  title={Multi-agent constrained policy optimisation},
  author={Gu, Shangding and Kuba, Jakub Grudzien and Wen, Munning and Chen, Ruiqing and Wang, Ziyan and Tian, Zheng and Wang, Jun and Knoll, Alois and Yang, Yaodong},
  journal={arXiv preprint arXiv:2110.02793},
  year={2021}
}
@article{yu2022surprising,
  title={The surprising effectiveness of ppo in cooperative multi-agent games},
  author={Yu, Chao and Velu, Akash and Vinitsky, Eugene and Gao, Jiaxuan and Wang, Yu and Bayen, Alexandre and Wu, Yi},
  journal={Advances in Neural Information Processing Systems},
  volume={35},
  pages={24611--24624},
  year={2022}
}
@book{puterman2014markov,
  title={Markov decision processes: discrete stochastic dynamic programming},
  author={Puterman, Martin L},
  year={2014},
  publisher={John Wiley \& Sons}
}